2592 3528
256 429 360 456 Datum
381 424 564 456 Avenione.

294 520 332 561 14
347 535 416 568 sept.
433 531 521 560 1321.

283 581 371 613 (xvm
386 577 444 605 kal.
465 577 536 611 oct.)

356 622 386 649 T.
405 622 460 649 XX.

293 857 330 885 15
344 860 413 893 sept.
429 857 518 885 1321.

287 906 364 938 (xvn
378 903 437 930 kal.
453 901 522 933 oct.)

226 948 272 975 Gr.
287 947 323 975 de
337 948 436 974 mand.
452 947 583 974 vicecan-

343 991 466 1019 cellarii.

249 1142 252 1146 -
294 1131 331 1157 16
344 1134 414 1166 sept.
431 1130 519 1158 1321.

291 1179 355 1210 (xV1
372 1176 431 1202 kal.
449 1175 519 1208 oet.)
547 1178 551 1181 '

287 1506 322 1534 17
342 1510 412 1542 sept.
433 1507 520 1534 1321.

293 1554 343 1581 (xv
362 1551 428 1579 kal.'
442 1548 512 1585 octT)

276 1595 308 1623 T.
319 1596 342 1622 x
360 1596 402 1630 ¹12,
416 1596 466 1624 ΧΠ
481 1597 526 1632 ¹s2.

291 1777 327 1806 18
341 1781 410 1813 sept.
430 1768 517 1807 1321.

287 1822 352 1858 (xw
368 1822 428 1850 kal.
447 1825 516 1858 oct.)

311 1867 342 1895 T.
359 1867 405 1899 Χῐ,
420 1868 494 1896 XIII.

283 2208 323 2236 20
343 2212 412 2244 sept.
433 2209 522 2237 1321.

290 2253 344 2286 (xn
362 2253 421 2280 kal.
439 2254 509 2290 oct.)

351 2298 382 2325 Τ.
403 2296 457 2325 CC.

359 2532 395 2560 Ut
412 2541 436 2559 s.
484 2562 490 2570 ι

311 2576 342 2603 Τ.
355 2576 402 2608 XI,
422 2577 492 2604 XIII.

362 2747 394 2774 {Jt
415 2724 451 2775 s..

338 2792 368 2819 Τ.
390 2793 460 2819 XVI.

360 2858 394 2886 Ut
411 2867 436 2886 s,

337 2902 367 2929 T.
389 2903 458 2930 XVI.

623 335 798 366 JOANNIS
821 335 939 366 PAPAE
962 335 1063 365 XXII.
1089 336 1337 373 (1316-1334).
1361 352 1399 356 —
1422 335 1610 365 LITTERAE
1633 335 1859 367 COMMUNES
2237 342 2256 371 5

696 529 830 562 14449.
847 551 885 556 -
900 532 984 573 Ep.o
1005 531 1286 572 Forosinfronien.,
1303 536 1330 561 et
1349 541 1373 561 s.
1389 531 1550 562 Laurentii
1565 532 1599 562 in
1618 531 1733 572 Campo
1755 537 1783 562 et
1798 542 1822 562 s.
1844 531 1952 563 Crucis
1969 533 2005 564 de
2030 534 2057 564 T
2054 535 2176 575 ripuzzo
2191 547 2253 568 mo-

650 590 730 616 nast.
756 586 838 623 abb„
862 585 978 616 Fauen.
1006 590 1035 616 et
1060 585 1255 617 camerinen.
1275 584 1332 621 di.,
1357 585 1471 616 mand.
1491 586 1527 616 ut
1551 585 1631 616 eccl.
1657 594 1703 616 ss.
1725 585 1820 616 Petri
1838 587 1870 617 et
1893 586 2127 627 Christophori
2151 591 2254 622 castri

648 639 773 670 Insulae
796 639 1029 676 Planensium,
1058 638 1258 670 Urbinaten.
1277 638 1336 673 di.,
1354 647 1382 669 0.
1404 647 1445 675 0.,
1470 646 1530 677 per
1554 638 1635 669 obit.
1655 638 1828 669 Francisci
1846 640 2062 671 Leonardelli
2085 642 2125 672 de
2144 642 2254 681 Gayfa

648 701 720 724 vac.
738 694 771 724 et
794 693 932 732 propter
952 692 1120 723 diutinam
1137 692 1349 723 vacationem
1372 691 1484 722 collat.
1507 691 1540 722 S.
1559 692 1599 722 A.
1628 692 1836 728 devolutam,
1859 692 2033 724 conferant
2058 694 2162 726 Penio
2183 696 2254 728 filio

648 746 771 786 quond.
789 746 931 778 Andreae
945 746 1043 777 Penii
1059 746 1099 777 de
1115 746 1204 777 dicto
1221 747 1331 776 castro
1347 745 1484 783 Insulae,
1496 745 1554 785 qui
1573 745 1652 776 eccl.
1670 754 1696 776 s.
1713 745 1856 777 Joannis
1873 746 1912 777 de
1933 747 2156 780 Saxcorbario
2170 758 2197 780 0.
2212 759 2254 788 0.,

648 799 744 831 dictae
762 799 821 836 di.,
839 799 1011 831 dimittere
1027 800 1173 831 tenetur.
1194 798 1247 839 (A.
1267 799 1315 836 16,
1335 798 1357 829 f.
1376 800 1415 830 76
1429 803 1457 834 ὃς
1479 797 1515 828 V.
1534 799 1584 835 73,
1604 807 1656 837 ep.
1675 798 1739 838 10.)

694 854 835 887 14450.
847 876 885 880 -—
902 857 1028 889 Induit.
1047 856 1208 888 Guillelmo
1226 856 1262 887 de
1282 856 1381 894 Valle,
1395 865 1495 897 praep.
1517 856 1589 887 eccl.
1617 855 1790 891 Vasionen„
1808 859 1844 888 ut
1861 866 1969 897 usque
1989 859 2030 889 ad
2046 859 2131 890 duos
2147 869 2254 893 annos

647 910 682 941 in
699 911 812 942 studio
826 910 975 951 generali
991 911 1171 942 residendo
1187 909 1245 941 ubi
1256 910 1335 949 jura
1352 909 1468 941 civilia
1483 909 1565 949 legit
1581 909 1622 940 ad
1641 910 1839 941 diaconatus
1855 912 1887 942 et
1907 911 2164 951 presbyteratus
2181 915 2252 945 ord.

647 964 840 1003 promoveri
855 973 915 995 nec
931 964 1151 995 residentiam
1166 963 1276 994 facere
1295 962 1436 994 minime
1451 964 1617 999 teneatur,
1636 965 1668 994 et
1685 962 1822 994 interim
1838 963 1969 995 fructus
1983 964 2095 996 benef.
2114 975 2254 999 suorum

648 1018 777 1058 integre
791 1018 968 1057 percipiat.
986 1035 1023 1040 —
1038 1018 1064 1048 Ι.
1082 1026 1111 1048 e.
1130 1026 1176 1048 m.
1192 1018 1342 1047 sacristae
1356 1016 1571 1053 Avinionen.,
1589 1017 1621 1047 et
1640 1017 1741 1047 Petro
1758 1017 1798 1047 de
1815 1017 1994 1054 Toffalliis,
2013 1020 2199 1059 Agennen.‚
2215 1030 2253 1053 ac

647 1071 821 1102 Guiraudo
837 1071 1000 1111 Rotgerfi,
1016 1071 1190 1102 Pictaven.
1207 1078 1279 1101 can.
1297 1070 1377 1101 eccl.
1393 1069 1446 1110 (A.
1461 1071 1510 1104 16,
1530 1069 1554 1100 f.
1574 1071 1612 1100 77
1629 1075 1659 1106 ²;
1683 1069 1718 1100 V.
1737 1071 1787 1106 73,
1804 1079 1856 1110 ep.
1876 1071 1943 1111 13.)

694 1125 828 1157 14451.
846 1146 884 1151 —
900 1127 1000 1159 Odoni
1013 1127 1189 1159 Cardinalis
1204 1127 1271 1158 abb.
1289 1127 1325 1157 de
1339 1127 1484 1158 Secureto
1501 1127 1658 1164 Anicien.‚
1674 1132 1702 1157 et
1722 1126 1883 1158 Guillelmo
1899 1128 1936 1159 de
1952 1128 2036 1164 Orto,
2057 1139 2123 1161 can.
2144 1130 2251 1162 Claro-

648 1187 778 1213 momen.
795 1181 881 1217 eccl„
898 1181 1011 1213 mand.
1026 1183 1063 1212 ut
1077 1181 1273 1213 examinent
1285 1181 1513 1212 instrumenta
1522 1182 1554 1212 et
1566 1180 1705 1212 audiant
1721 1182 1826 1212 testes
1838 1181 1874 1212 in
1887 1191 1989 1213 causa
2004 1185 2152 1215 vertente
2164 1185 2253 1217 inter

646 1236 848 1276 Gregorium
873 1235 949 1267 abb.
969 1236 1114 1266 monast.
1133 1234 1307 1270 lssiodori,
1333 1235 1370 1266 O.
1389 1234 1422 1265 S.
1439 1235 1490 1270 Β.,
1516 1234 1768 1265 Claromonten.
1787 1234 1847 1272 di.,
1864 1243 1961 1266 reum
1979 1237 2194 1269 convinctum
2210 1239 2251 1270 de

647 1289 752 1320 variis
768 1288 970 1320 criminibus
986 1290 1018 1319 et
1035 1297 1148 1319 coram
1172 1287 1345 1319 Clemente
1372 1287 1440 1318 ΡΡ.
1462 1288 1490 1319 V
1514 1287 1675 1324 delatum,
1699 1296 1740 1318 ex
1759 1297 1836 1324 una,
1861 1290 1894 1319 et
1912 1289 2079 1320 Joannem
2102 1291 2251 1329 Becheti‚

646 1342 728 1373 dicti
745 1343 889 1373 monast.
907 1350 1012 1377 mon„
1029 1350 1066 1372 30
1088 1341 1276 1372 Robertum
1295 1341 1471 1378 Tonsoris‚
1491 1340 1571 1371 cler.
1596 1340 1693 1371 dictae
1716 1341 1775 1378 di.,
1793 1350 1831 1371 30
1849 1341 1957 1380 ejusd.
1978 1345 2122 1375 monast.
2141 1353 2250 1383 conv„

645 1395 799 1435 partibus
817 1404 859 1426 ex
875 1395 990 1431 altera,
1009 1395 1049 1425 de
1073 1393 1231 1425 omnibus
1248 1393 1465 1433 postmodum
1483 1393 1640 1424 Pontifici
1658 1394 1810 1425 relaturi.
1833 1395 1887 1434 (A.
1913 1397 1960 1432 17,
1983 1395 2005 1426 f.
2022 1397 2082 1428 249
2099 1402 2125 1433 ³;
2150 1397 2182 1428 V.
2199 1401 2250 1438 73,

646 1457 698 1488 ep.
719 1448 824 1487 1135.)

686 1500 708 1535 '1
718 1502 827 1535 4452.
843 1524 881 1528 -
899 1505 1020 1537 Collat.
1039 1505 1164 1536 ruralis
1181 1504 1262 1535 eccl.
1281 1513 1307 1534 s.
1326 1503 1497 1535 Prothasii
1514 1504 1553 1534 de
1565 1504 1757 1541 Lambisco,
1775 1506 1908 1544 Aquen.
1924 1506 1982 1543 di.,
1996 1515 2055 1546 per
2073 1508 2154 1539 obit.
2172 1510 2250 1541 Rai-

646 1559 765 1590 mundi
779 1559 819 1590 de
834 1558 968 1590 Cabriis
982 1559 1071 1598 apud
1083 1558 1117 1589 S.
1132 1559 1173 1589 A.
1192 1558 1362 1588 mediante
1372 1558 1602 1588 reservatione
1614 1566 1700 1593 vac.,
1718 1558 1893 1589 Bet-mundo
1907 1559 2069 1597 Restesini,
2084 1570 2151 1592 non
2163 1562 2249 1594 obst.

645 1612 840 1653 provisione
857 1612 967 1643 benef.
991 1621 1018 1643 0.
1043 1620 1070 1643 0.
1095 1611 1149 1642 νο1
1170 1620 1197 1643 s.
1216 1620 1243 1642 c.
1266 1611 1307 1642 ad
1323 1611 1435 1642 collat.
1454 1611 1581 1650 prioris
1596 1611 1769 1650 prioratus
1786 1620 1813 1642 s.
1834 1612 1994 1652 Stephani
2011 1614 2051 1644 de
2070 1615 2248 1654 'l‘orreves,

646 1667 683 1698 Ο.
702 1667 735 1698 S.
752 1667 802 1704 Β.,
821 1667 952 1706 Aquen.
968 1666 1026 1700 di.,
1045 1667 1102 1696 aut
1118 1665 1313 1704 provisione
1332 1664 1453 1704 capell.
1470 1664 1505 1695 in
1522 1665 1602 1695 eccl.
1622 1673 1650 1694 s.
1667 1665 1818 1705 Agricoli
1835 1667 2044 1697 Avenionen.
2060 1685 2098 1689 ——
2114 1669 2140 1699 Ι.
2158 1677 2186 1699 e.
2203 1679 2248 1702 m.

645 1729 748 1760 praep.
767 1721 914 1759 Aquen.,
932 1720 964 1750 et
980 1719 1088 1759 ejusd.
1108 1727 1146 1749 ac
1164 1718 1366 1749 Avinionen.
1386 1718 1541 1749 sacristis
1556 1718 1636 1749 0001.
1656 1719 1707 1755 (A.
1731 1720 1780 1756 16,
1798 1719 1820 1749 f.
1836 1720 1871 1750 81
1893 1719 1924 1756 b;
1945 1719 1977 1750 V.
1999 1722 2048 1758 73,
2067 1730 2119 1761 ep.
2139 1723 2204 1763 22.)

621 1818 624 1820 v
692 1774 826 1806 14453.
845 1795 882 1799 -
899 1776 1060 1808 Guillelmo
1081 1775 1118 1807 de
1144 1775 1309 1812 Turrilliis,
1326 1775 1407 1806 cler.
1427 1775 1545 1806 Jacohi
1562 1776 1652 1814 regis
1668 1776 1864 1816 Aragonum
1890 1778 2048 1817 supplic„
2069 1779 2177 1811 collat.
2197 1789 2249 1811 ca·

645 1840 723 1862 non.
747 1831 811 1862 sub
832 1839 929 1870 exsp.
944 1830 1046 1869 praeb.
1065 1833 1098 1860 et
1111 1830 1343 1869 praepositurae
1359 1829 1439 1860 0001.
1454 1829 1647 1860 Gerunden.
1666 1839 1740 1869 quae
1757 1832 1909 1861 mensata
1925 1831 2110 1870 vulgariter
2123 1842 2247 1864 nuncu-

644 1886 760 1924 patum
779 1893 846 1915 non
859 1883 946 1915 obst.
963 1883 1053 1923 quod
1068 1882 1263 1922 Majoricen.
1280 1883 1311 1914 et
1324 1882 1568 1913 Barchinonen.
1584 1882 1664 1913 eccl.
1682 1892 1754 1914 can.
1773 1883 1909 1920 existat,
1925 1887 1958 1915 et
1972 1885 2006 1915 in
2023 1885 2096 1916 ead.
2115 1887 2251 1917 Barchi-

644 1946 766 1969 nonen.
785 1937 866 1968 0001.
883 1937 1156 1976 praeposituram,
1174 1945 1248 1976 quae
1264 1935 1351 1967 alias
1366 1937 1521 1966 mensata
1536 1936 1722 1975 vulgariter
1738 1938 1964 1976 nuncupatur,
1978 1937 2139 1976 obtineat,
2159 1941 2191 1971 et
2209 1941 2249 1971 de

643 2001 678 2022 1v
694 1990 938 2031 praestimoniis
956 1990 1029 2021 sive
1052 1989 1264 2029 capellaniis,
1287 1989 1459 2020 consuetis
1477 1989 1587 2028 ipsius
1609 1989 1856 2021 Barchinonen.
1877 1991 1956 2021 eccl.
1976 2000 2049 2022 can.
2066 1993 2248 2032 assignari,

643 2045 719 2076 301.
738 2046 763 2076 t.
781 2044 946 2084 percipiat
962 2043 1149 2074 annuatim.
1168 2060 1207 2065 —-
1222 2043 1248 2073 Ι.
1270 2051 1298 2074 0.
1317 2051 1363 2073 m.
1382 2051 1409 2073 s.
1427 2042 1591 2081 Stephani
1607 2043 1647 2073 de
1670 2043 1844 2074 Balneolis
1862 2045 1894 2075 et
1911 2053 1937 2074 s.
1959 2045 2052 2075 Petri
2071 2045 2112 2076 de
2136 2047 2250 2077 Bisul-

642 2099 744 2135 duno,
761 2097 954 2128 Gerunden.
969 2096 1028 2133 di.,
1047 2097 1192 2126 monast.
1212 2095 1302 2132 abb„
1320 2104 1358 2126 30
1376 2097 1532 2135 praecent.
1551 2096 1631 2127 eccl.
1649 2096 1821 2135 Urgellen.
1838 2097 1892 2136 (A.
1912 2099 1960 2134 17,
1981 2098 2005 2128 f.
2023 2099 2082 2129 283
2098 2104 2128 2135 ¹;
2151 2099 2182 2129 V.
2198 2102 2247 2136 73,

643 2159 695 2190 ep.
722 2151 825 2188 1342.)

689 2204 824 2236 14454.
842 2224 880 2230 -
895 2206 991 2247 May„
1006 2206 1165 2247 prioribus
1184 2211 1211 2236 et
1231 2205 1368 2246 qenerali
1385 2205 1522 2246 capitulo
1538 2206 1699 2246 hospitalis
1713 2217 1738 2236 s.
1757 2207 1886 2238 Joanm's
1902 2207 2148 2239 Jerosolimitam·
2165 2210 2249 2250 apud

642 2261 829 2292 Avenionem
843 2260 1049 2300 conqreqatis.
1064 2259 1226 2291 Decernit
1243 2259 1336 2299 Papa
1349 2259 1438 2298 quod
1451 2268 1671 2299 quaecumque
1687 2269 1747 2299 per
1761 2261 1855 2299 ipsos
1867 2263 1940 2292 acta
1953 2264 1984 2292 et
1997 2263 2152 2293 ordinata
2168 2265 2248 2295 sunt

642 2315 677 2345 in
693 2314 851 2354 capitulis
868 2313 1004 2345 Arelate
1031 2315 1063 2344 et
1087 2313 1255 2344 Avinione
1277 2312 1348 2351 Jam
1368 2312 1560 2349 celebratis,
1583 2321 1643 2351 pro
1665 2309 1834 2344 solutione
1854 2313 2046 2345 debitorum
2070 2316 2104 2346 in
2123 2316 2248 2355 quibus

641 2368 769 2399 dictum
783 2367 951 2406 hospitale
965 2366 1211 2397 mercatoribus
1220 2366 1408 2397 Bardorum
1423 2366 1456 2396 et
1470 2366 1686 2397 Perutiorum
1701 2367 1741 2397 de
1757 2367 1931 2398 Florentia
1948 2370 2092 2403 tenetur,
2107 2370 2247 2408 perinde

640 2421 775 2452 valeant
791 2429 828 2451 ac
846 2420 876 2451 si
892 2421 964 2451 acta
980 2421 1011 2451 et
1029 2419 1184 2450 ordinata
1207 2421 1321 2450 essent
1338 2419 1441 2450 etiam
1467 2427 1527 2458 per
1546 2428 1634 2459 mag.
1655 2422 1688 2450 et
1710 2428 1805 2451 conv.
1822 2421 2102 2452 transmarinum.
2122 2423 2173 2461 (A.
2196 2425 2245 2461 15,

640 2475 664 2505 f.
681 2475 740 2506 293
759 2479 790 2511 ³;
812 2473 847 2504 V.
867 2475 917 2511 73,
939 2481 991 2512 ep.
1010 2474 1054 2510 6.)

686 2529 821 2571 14455.
837 2548 875 2554 -
890 2531 1011 2563 Collat.
1033 2539 1152 2561 canon.
1177 2530 1240 2561 sub
1258 2538 1353 2569 exsp.
1379 2529 1481 2569 praeb.
1504 2530 1584 2561 eccl.
1611 2531 1734 2561 Lucan.
1757 2531 1882 2561 Sandro
1901 2531 1967 2572 filio
1988 2532 2246 2565 Blancln'Frede-

639 2586 708 2622 rici,
725 2585 904 2615 mercatoris
927 2584 962 2614 de
981 2583 1152 2614 Florentia.
1174 2602 1212 2606 -
1231 2584 1257 2614 Ι.
1275 2592 1304 2614 0.
1324 2593 1370 2615 m.
1395 2575 1546 2623 plebano
1561 2583 1673 2623 plebis
1694 2585 1728 2616 S.
1746 2585 1792 2615 M.
1813 2585 1848 2615 in
1867 2584 1979 2616 Monte
1995 2586 2121 2618 Lucan.
2137 2587 2197 2625 di.,
2214 2589 2247 2619 et

639 2639 762 2670 Manno
778 2638 818 2669 de
839 2637 1014 2670 Brecaldis
1036 2646 1073 2668 30
1092 2637 1277 2669 Guillelmo
1298 2637 1426 2674 Berini,
1452 2645 1524 2668 can.
1545 2637 1732 2669 Florentin.
1752 2638 1831 2669 0001.
1849 2638 1903 2678 (A.
1923 2641 1972 2675 16,
1992 2639 2013 2669 f.
2027 2641 2066 2671 46
2082 2645 2110 2676 ³;
2134 2640 2168 2671 V.
2194 2643 2245 2679 73,

639 2700 692 2732 ep.
716 2691 783 2730 60.)
1978 2726 1981 2730 .

684 2746 820 2778 14456.
838 2767 875 2771 -
891 2748 926 2780 S.
943 2748 983 2780 Μ.
1004 2748 1174 2780 Florentio.
1193 2752 1223 2778 ee
1237 2758 1261 2778 s.
1282 2747 1373 2778 Salvi
1387 2757 1490 2788 prope
1507 2747 1695 2778 Florentiam
1714 2753 1848 2778 monast.
1867 2749 1934 2780 abb.
1951 2750 2065 2781 mand.
2079 2753 2116 2782 ut
2129 2760 2243 2783 conce·

638 2803 718 2834 dant
734 2802 974 2833 tabellionatus
989 2802 1043 2833 off.
1062 2802 1170 2833 Masio
1186 2801 1284 2841 Lagii
1297 2801 1336 2832 de
1348 2801 1576 2845 villamagna,
1595 2801 1675 2832 cler.
1689 2801 1876 2846 Florentin.
1891 2803 1937 2832 di.
1953 2803 2004 2840 (A.
2023 2805 2072 2840 16,
2091 2804 2113 2834 f.
2133 2806 2190 2835 199
2204 2805 2243 2843 ¹³.)

685 2857 822 2890 14457.
841 2877 878 2882 -
896 2859 1080 2891 Concessio
1094 2859 1336 2890 tabellionatus
1353 2859 1408 2889 off.
1425 2858 1588 2889 Bernardo
1601 2858 1637 2889 de
1653 2858 1787 2896 Βὶοἱειο,
1804 2859 1883 2890 cler.
1906 2868 1972 2891 non
1988 2861 2165 2900 conjugato
2182 2870 2242 2893 nec

638 2913 672 2944 in
690 2913 796 2944 sacris
821 2913 891 2944 ord.
917 2913 1113 2949 constituto,
1128 2912 1306 2943 Caturcen.
1330 2912 1390 2949 di.,
1411 2921 1469 2951 per
1492 2912 1632 2943 Petrum
1659 2912 1712 2943 tit.
1731 2921 1758 2943 s.
1776 2913 1934 2951 Stephani
1960 2913 1994 2943 in
2019 2913 2241 2945 Coeliomonte

638 2966 750 3005 presb.
765 2966 868 3003 card.,
885 2966 918 2997 S.
935 2966 976 2997 R.
996 2966 1033 2997 E.
1050 2965 1377 3002 vicecancellarium‚
1392 2965 1637 3002 examinatum.
1655 2965 1708 3000 (A.
1729 2967 1777 3002 16,
1797 2965 1818 2995 f.
1837 2967 1895 2996 203
1910 2966 1952 3002 ³.)
