2592 3528
313 328 373 359 230

348 419 450 446 Datum
469 412 652 447 Avenione.

383 519 425 547 22
435 518 502 554 jan.
523 517 611 546 1323.

400 567 443 595 (xi
456 563 515 590 kal.
532 561 602 594 seh.)

397 607 428 634 T.
450 607 509 640 XII,
530 606 599 634 XIV.

384 731 424 758 23
436 731 501 765 jan.
526 730 612 758 1323.

403 778 432 808 (x
448 774 506 802 kal.
527 773 596 809 feb.)

351 819 383 847 T.
402 819 436 846 XI
456 819 499 853 ¹l2,
519 818 580 846 XIII
601 818 646 854 ¹l2.

462 943 498 971 Ut
519 951 542 970 s.

429 987 459 1014 T.
478 987 571 1014 XXVI.

383 1259 423 1286 24
443 1259 503 1293 jan.
524 1258 612 1287 1323.

398 1307 438 1337 (lx
457 1304 516 1331 kal.
534 1303 603 1335 seb.)

397 1348 428 1375 T.
450 1348 508 1381 ΧΗ,
529 1347 601 1375 XIV.

454 1577 494 1612 *Ut
511 1586 533 1604 s.

407 1622 438 1649 T.
455 1622 501 1655 XI,
520 1622 590 1649 XIII.

462 1683 497 1710 Ut
519 1691 542 1710 s.

407 1727 437 1754 T.
456 1727 502 1759 XI,
518 1728 589 1754 XIII.

384 1841 424 1868 25
437 1841 502 1875 jan.
526 1841 612 1868 1323.

385 1888 451 1920 (vui
467 1886 525 1913 kal.
545 1885 612 1918 feb.)
642 1898 645 1901 -

439 1930 468 1956 T.
487 1929 560 1957 XVI.

461 2053 493 2080 Ut
508 2062 530 2079 s.

406 2097 434 2123 T.
454 2097 498 2128 xl,
517 2097 587 2124 XIII.

455 2317 492 2344 Ut
512 2325 535 2344 s.

406 2361 437 2389 T.
452 2361 498 2394 XI,
514 2362 586 2390 XIII.

459 2582 495 2609 Ut
511 2590 534 2609 s.

416 2626 446 2652 T.
467 2626 500 2660 X,
521 2627 578 2654 XII.

710 324 884 357 JOANNIS
905 325 1025 356 PAPAE
1047 325 1149 357 XXll.
1173 326 1425 367 (1816-1884).
1446 345 1485 351 —·
1508 326 1694 358 LITTERAE
1717 325 1943 358 COMMUNES

789 505 925 538 16858.
947 526 984 532 —-
1001 508 1134 539 Henrico
1156 508 1193 539 de
1212 507 1310 540 Clutz.
1338 517 1411 540 can.
1436 509 1607 543 Bremen,
1633 507 1797 548 indulget.
1818 508 1855 539 ut
1871 507 1906 538 in
1930 506 2086 539 Romana
2106 498 2212 544 curia,
2232 506 2287 539 vel
2311 507 2349 539 in

744 561 850 593 altero
864 561 973 593 benef.
996 570 1148 598 suorum,
1166 563 1223 593 aut
1251 561 1286 592 in
1311 562 1385 593 loco
1414 561 1473 592 ubi
1499 561 1651 592 studium
1674 560 1787 600 vigeat
1814 559 1984 600 generale,
2001 567 2105 592 causa
2127 559 2245 597 studii.
2265 559 2348 592 resi-

744 615 852 646 dendo
869 614 999 646 fructus
1012 615 1165 645 eorumd.
1182 614 1293 646 benef.
1312 614 1441 655 integre
1455 614 1622 654 percipiat
1635 613 1678 645 ad
1692 613 1894 650 triennium,
1908 613 1946 644 in
1961 612 2126 645 absentia.
2147 630 2187 636 -
2208 613 2235 644 1.
2253 621 2282 645 e.
2299 621 2347 646 m.

744 676 847 708 praep.
863 667 1051 704 Colonien.,
1067 669 1099 698 et
1117 669 1219 705 cant,
1233 676 1270 698 ac
1288 667 1425 699 scolast.
1443 666 1632 698 Zwerinen.
1650 666 1731 698 eccl.
1761 665 1816 707 (A.
1834 667 1884 704 18,
1901 665 1924 698 f.
1943 667 2000 698 361
2017 665 2048 703 ¹²;
2068 665 2105 697 V.
2119 667 2170 704 74,
2189 675 2243 707 ep.
2261 666 2348 707 448.)

790 718 923 750 16859.
940 739 978 743 -
995 719 1127 751 Henrico
1144 721 1180 750 de
1197 720 1313 750 Balmis
1334 720 1447 751 collat.
1467 728 1585 751 canon.
1603 721 1636 751 et
1658 719 1761 759 praeb.
1779 719 1859 751 eccl.
1877 719 2086 757 Gobannen„
2105 728 2165 760 per
2182 720 2345 760 resignat.

746 774 915 813 Rodulphi
931 774 971 804 de
987 774 1166 810 Comeriis,
1185 783 1236 813 ap.
1257 773 1290 804 S.
1309 774 1350 804 A.
1370 773 1504 810 factam,
1528 781 1619 808 vac.;
1636 781 1702 804 non
1728 772 1814 804 obst.
1835 772 1970 812 paroch.
1998 772 2080 804 eccl.
2105 772 2147 804 de
2161 765 2346 810 Menciaco,

743 826 937 859 Gebennen.
953 827 998 857 di.
1018 827 1095 857 -Ι,
1111 835 1140 857 e.
1161 835 1204 857 m.
1221 825 1298 857 abb.
1318 827 1464 857 monast.
1483 826 1523 857 de
1547 827 1615 866 Syz
1633 827 1666 857 et
1682 826 1790 866 priori
1807 826 1848 858 de
1877 825 2041 866 Pelunay,
2065 825 2261 858 Gebennen.
2285 825 2346 863 di.,

745 889 782 911 ac
795 879 920 911 archid.
941 879 1113 911 Valentin.
1139 879 1190 917 (Α.
1207 879 1255 916 18,
1273 879 1295 910 f.
1314 879 1374 910 242
1389 878 1420 915 ¹³;
1444 878 1480 910 V.
1497 881 1546 914 74,
1566 887 1620 919 ep.
1635 879 1722 917 408.)

791 929 926 962 16860.
938 950 974 955 -
985 931 1146 963 Guillelmo
1156 932 1191 962 de
1208 932 1322 968 Borno,
1342 931 1421 963 cler.
1442 933 1474 963 et
1483 931 1589 963 famil.
1604 931 1755 964 Simonis
1770 940 1798 964 S.
1815 932 1942 964 Priscae
1951 932 2067 972 presb.
2083 932 2190 971 card.‚
2201 940 2294 964 conc.
2309 932 2348 965 ut

743 985 855 1017 collat.
875 994 992 1017 canon.
1012 986 1045 1016 et
1059 985 1162 1025 praeh.
1180 985 1260 1016 eccl.
1280 993 1308 1016 s.
1323 984 1477 1016 Mauritii
1492 984 1687 1023 Carnoten„
1705 994 1764 1025 per
1779 985 1863 1017 obit.
1876 985 2020 1018 Joanuis
2034 986 2076 1018 de
2090 985 2234 1018 Gamera
2247 993 2301 1026 ap.
2310 985 2346 1018 S.

742 1039 784 1070 A.
796 1039 922 1078 praevia
938 1040 1100 1070 reservat.
1119 1047 1205 1074 vac,
1222 1038 1306 1070 olim
1322 1038 1463 1070 obtentu
1480 1038 1614 1078 praefati
1629 1039 1720 1070 card.
1734 1039 1801 1079 ipsi
1815 1038 1905 1071 facta
1913 1038 2054 1080 perinde
2075 1038 2188 1071 valeat
2207 1047 2246 1071 ac
2261 1038 2292 1071 si
2310 1038 2347 1071 in

742 1091 809 1123 litt.
826 1091 972 1132 desuper
987 1091 1158 1132 expeditis
1176 1091 1303 1123 mentio
1318 1091 1434 1123 habita
1458 1091 1582 1123 fuisset
1596 1091 1686 1132 quod
1713 1091 1854 1132 praefata
1879 1091 1982 1132 praeb.
1997 1093 2039 1125 3⁰
2051 1092 2076 1124 1.
2101 1093 2126 1124 t.
2144 1092 2285 1129 valeret.
2313 1092 2348 1125 et

742 1145 817 1185 ipse
830 1144 966 1184 paroch.
991 1145 1071 1176 eccl.
1090 1145 1131 1176 de
1145 1145 1308 1182 Morema,
1333 1153 1394 1185 per
1415 1155 1439 1175 11
1469 1145 1579 1176 solitae
1601 1144 1679 1186 gub.
1704 1147 1864 1183 rectores,
1890 1147 2001 1178 rector
2024 1145 2199 1178 existeret.
2217 1145 2270 1185 (A.
2294 1146 2345 1184 18,

742 1198 765 1229 f.
791 1200 851 1230 365
864 1203 898 1234 ⁸3
928 1197 960 1229 V.
976 1199 1025 1236 74,
1041 1207 1093 1238 ep.
1109 1200 1194 1237 461.)

788 1248 921 1280 16861.
940 1269 978 1274 -
994 1250 1157 1282 Guillelmo
1181 1257 1254 1282 nalo
1273 1262 1305 1282 η.
1324 1262 1353 1282 υ.
1373 1251 1539 1282 Thomaaeii
1553 1251 1589 1282 de
1608 1251 1783 1289 Posterula,
1798 1260 1871 1284 can.
1893 1252 1975 1284 eccl.
1999 1251 2240 1291 Mediolanen.‚
2257 1251 2345 1284 conf.

743 1305 798 1335 off.
827 1304 861 1335 in
888 1305 961 1335 ead.
988 1305 1068 1335 eccl.
1098 1305 1322 1336 cimiliarchia
1346 1304 1533 1345 vulgariter
1559 1306 1804 1346 nuncupatum,
1830 1314 1891 1346 per
1915 1305 2143 1346 privationem
2172 1314 2192 1336 a
2220 1305 2347 1346 quond.

743 1357 884 1388 Mathaeo
905 1358 945 1389 de
964 1358 1231 1389 vicecomitibus
1251 1358 1292 1389 de
1313 1358 1506 1390 Mediolano
1531 1358 1704 1390 incursam
1726 1367 1780 1398 ap.
1797 1359 1832 1391 S.
1850 1359 1890 1390 Α.
1917 1353 2011 1396 νο0.’;
2026 1367 2094 1390 non
2121 1357 2209 1390 obst.
2226 1366 2347 1391 canon.

743 1413 776 1442 et
796 1411 898 1450 praeb.
918 1411 998 1442 eccl.
1017 1420 1043 1441 s.
1065 1411 1207 1443 Joannis
1224 1412 1265 1443 de
1288 1413 1400 1443 castro
1424 1411 1548 1452 Seprii‚
1568 1412 1794 1443 Mediolanen.
1819 1412 1866 1443 di.
1883 1429 1921 1435 -
1936 1412 1963 1444 1.
1979 1421 2008 1444 e.
2026 1421 2072 1444 m.
2091 1421 2119 1443 s.
2136 1411 2294 1453 Gregorii
2310 1411 2348 1444 in

742 1464 874 1495 Palatio
888 1465 1114 1496 Mediolanen.
1133 1466 1165 1496 et
1182 1474 1209 1496 s.
1222 1465 1373 1497 Victoris
1387 1465 1427 1497 de
1444 1465 1600 1497 Cravalia
1612 1465 1838 1497 Mediolanen.
1857 1474 1976 1506 praep„
1990 1474 2030 1497 ac
2043 1465 2144 1498 Petro
2155 1465 2346 1502 Brancacii,

742 1518 843 1557 Papae
860 1527 945 1557 cap„
965 1527 1038 1549 can.
1052 1518 1269 1558 Neapolitan.
1283 1518 1365 1550 eccl.
1381 1518 1436 1559 (A.
1451 1519 1499 1555 18,
1519 1518 1541 1549 f.
1563 1519 1619 1550 381
1642 1524 1678 1557 ³3
1699 1518 1735 1551 V.
1751 1520 1801 1556 74,
1818 1528 1871 1559 ep.
1889 1520 1974 1558 534.)

789 1568 924 1599 16862.
944 1589 979 1594 -
997 1571 1110 1602 Eidem
1127 1571 1238 1603 collat.
1258 1580 1376 1603 canon.
1399 1572 1482 1603 eccl.
1511 1572 1738 1603 Mediolanen.
1767 1572 1831 1603 sub
1853 1581 1930 1612 exp.
1959 1571 2064 1612 praeb.
2075 1581 2085 1608 ;
2114 1573 2235 1604 caetera
2256 1573 2296 1604 ut
2316 1581 2345 1604 s.

742 1624 795 1664 (A.
815 1626 864 1661 18,
878 1624 901 1655 f.
920 1626 976 1655 381
995 1624 1030 1662 ¹³3
1055 1624 1088 1654 V.
1110 1627 1158 1662 74,
1177 1634 1229 1664 ep.
1248 1625 1333 1665 540.)

711 1679 713 1718 ]
789 1674 921 1706 16863.
942 1695 979 1699 -
1003 1677 1175 1715 Guillelm,
1207 1682 1278 1708 nato
1300 1677 1390 1708 Richi
1411 1677 1527 1719 Requm
1546 1678 1583 1709 de
1606 1677 1692 1716 Ello,
1720 1679 1832 1710 collat.
1856 1687 1975 1710 canon.
2006 1679 2086 1710 eccl.
2116 1679 2258 1710 Cuman.
2283 1678 2348 1711 sub

711 1725 713 1758 ἑ
744 1739 839 1770 exsp.
856 1731 981 1770 praeb.;
1000 1740 1065 1762 non
1083 1731 1169 1762 obst.
1187 1731 1266 1762 eccl.
1285 1740 1314 1762 s.
1332 1732 1478 1772 Brigidae
1493 1731 1534 1762 de
1551 1732 1707 1767 Aurei-ia,
1727 1732 1957 1763 Mediolanen.
1976 1732 2022 1763 di.
2039 1750 2077 1755 —
2092 1729 2126 1764 1.'
2144 1741 2175 1764 e.
2194 1741 2238 1764 m.
2265 1735 2302 1764 ut
2317 1741 2345 1764 s.

711 1806 713 1814 .
743 1784 795 1824 (A.
815 1785 862 1821 18,
884 1784 906 1815 f.
923 1785 982 1815 382
997 1789 1028 1821 ³3
1053 1785 1089 1815 V.
1108 1787 1157 1821 74,
1174 1793 1226 1824 ep.
1242 1784 1329 1824 541.)

790 1834 924 1866 16864.
950 1856 986 1860 -
1011 1837 1131 1868 Vicario
1156 1838 1306 1878 archiepi
1332 1838 1470 1868 Bremen.
1500 1838 1613 1869 mand.
1643 1840 1681 1869 ut
1707 1839 1884 1878 dispenset
1917 1847 2020 1879 super
2049 1843 2096 1869 1v⁰
2122 1838 2343 1879 consanguin-

742 1891 849 1930 gradu
866 1900 896 1921 n.
914 1900 945 1921 v.
962 1891 1131 1928 Ottonem,
1153 1891 1311 1922 comitem
1331 1891 1370 1922 de
1385 1892 1497 1931 Hoya,
1519 1893 1551 1923 et
1568 1892 1828 1932 Irmengardim,
1852 1892 1959 1923 filiam
1976 1892 2101 1932 quond.
2127 1891 2268 1924 Henrici
2294 1900 2346 1924 co·

742 1943 837 1974 mitis
855 1944 1045 1979 Holtsatiae‚
1076 1945 1231 1975 Bremen.
1251 1945 1311 1982 di.,
1331 1945 1364 1975 in
1392 1945 1541 1976 matrim.
1570 1945 1642 1985 J'am
1661 1947 1842 1976 contracto.
1871 1946 1924 1985 (A.
1955 1946 2005 1981 18,
2032 1945 2056 1976 f.
2083 1947 2144 1977 232
2161 1945 2195 1983 ὓς
2230 1945 2264 1976 V.
2295 1947 2346 1983 74,

742 2005 795 2036 ep.
811 1998 896 2035 357.)
1232 2005 1242 2011 „

788 2047 922 2078 16865.
939 2067 976 2071 -
995 2049 1159 2080 Francisco
1176 2055 1248 2080 nato
1261 2050 1397 2081 Mattlzaei
1412 2050 1447 2081 de
1465 2050 1576 2091 Griffo,
1596 2051 1676 2083 cler.
1694 2051 1922 2091 Neapolitan.‚
1939 2051 2050 2092 gratia
2067 2060 2166 2092 exsp.
2186 2051 2299 2084 benef.
2316 2060 2355 2092 s.

741 2111 769 2134 c.
787 2103 822 2133 in
839 2103 930 2134 civit.
949 2103 1004 2134 vel
1021 2103 1067 2134 di.
1087 2104 1221 2140 Nolan„
1235 2105 1359 2144 pertin.
1375 2104 1418 2135 ad
1433 2104 1545 2136 collat.
1562 2105 1630 2144 ep.i
1648 2105 1788 2141 Nolan.;
1804 2113 1871 2136 non
1885 2104 1972 2136 obst.
1989 2105 2080 2145 quod
2096 2114 2116 2136 a
2129 2115 2152 2136 11
2173 2104 2347 2137 fretantiis

740 2157 851 2187 certos
869 2156 1022 2187 redditus
1035 2158 1067 2188 et
1081 2165 1182 2188 unam
1197 2159 1323 2188 terram
1339 2159 1370 2198 (4
1388 2166 1463 2189 unc.
1485 2158 1570 2198 auri)
1586 2157 1748 2189 obtineat.
1762 2176 1801 2182 —
1819 2158 1846 2189 1.
1861 2167 1890 2190 e.
1907 2167 1953 2189 m.
1969 2167 1997 2189 s.
2020 2158 2174 2190 Januarii
2189 2158 2230 2190 de
2245 2158 2347 2190 Foris

709 2247 711 2252 .
741 2210 773 2240 et
792 2218 819 2240 s.
836 2209 989 2241 Severini
1004 2210 1220 2250 Neapolitan.
1238 2212 1383 2242 monast.
1403 2210 1493 2248 abb.‚
1512 2220 1549 2242 ac
1570 2220 1658 2251 mag.
1678 2211 1819 2243 Nicolao
1833 2211 1874 2243 de
1898 2211 2039 2249 Frattis,
2054 2220 2129 2243 can.
2153 2211 2345 2248 Patracen„

709 2253 711 2276 ³
740 2263 807 2294 litt.
827 2264 936 2302 apost.
954 2264 1148 2295 correctori.
1164 2264 1215 2304 (A.
1235 2265 1284 2302 18,
1302 2264 1326 2294 f.
1345 2265 1404 2296 275
1423 2270 1460 2302 ὃ;
1482 2264 1518 2295 V.
1536 2266 1585 2302 74,
1603 2273 1655 2305 ep.
1674 2264 1759 2304 375.)

787 2313 921 2345 16866.
942 2333 979 2338 -
996 2316 1154 2347 Thomasio
1169 2316 1239 2356 filio
1252 2317 1382 2348 Joanm's
1396 2317 1521 2349 Janarii
1538 2317 1616 2355 mil„
1636 2318 1716 2349 cler.
1737 2317 1966 2358 Neapolitan.‚
1984 2318 2094 2359 gratia
2117 2326 2215 2358 exsp.
2233 2317 2344 2350 benef.

740 2378 767 2400 s.
785 2378 813 2400 0.
830 2370 865 2400 in
882 2370 973 2400 civit.
990 2370 1045 2400 vel
1068 2370 1114 2400 di.
1131 2370 1361 2410 Neapolitan„
1385 2371 1427 2402 ad
1444 2371 1606 2411 archiep.i
1631 2372 1664 2402 et
1688 2371 1789 2411 capit.
1807 2371 2022 2411 Neapolitan.
2043 2371 2202 2411 disposit.
2219 2370 2344 2412 pertin.

739 2440 778 2445 -—
790 2423 816 2453 Ι.
837 2431 866 2453 e.
884 2431 928 2454 m.
944 2423 1020 2454 abb.
1042 2425 1187 2455 monast.
1213 2432 1242 2455 s.
1261 2424 1415 2455 Severini
1432 2424 1663 2464 Neapolitan„
1682 2426 1716 2456 et
1734 2433 1822 2465 mag.
1843 2424 1985 2456 Nicolao
2001 2424 2042 2456 de
2063 2425 2205 2462 Frattis,
2224 2424 2341 2456 Patra-

739 2484 824 2511 cen„
838 2475 906 2507 litt.
922 2477 1032 2515 apost.
1047 2477 1240 2513 correctori,
1256 2478 1289 2508 et
1303 2478 1404 2509 Petro
1422 2477 1610 2515 Brancacii,
1627 2477 1844 2518 Neapolitan.
1869 2486 1942 2509 can.
1963 2478 2044 2509 eccl.
2065 2477 2118 2517 (A.
2135 2478 2185 2515 18,
2200 2477 2224 2508 f.
2238 2478 2298 2509 278
2314 2483 2344 2515 ·;

746 2528 780 2560 V.
798 2531 847 2566 74,
865 2537 918 2569 ep.
932 2530 1016 2568 385.)

785 2579 920 2611 16867.
941 2600 977 2605 -
992 2582 1108 2614 Joanm·
1121 2588 1194 2614 nato
1211 2583 1335 2614 Matkaei
1347 2583 1482 2625 Capitis,
1503 2584 1579 2615 dicti
1595 2583 1734 2620 Tortelii,
1754 2583 1791 2615 de
1804 2582 1950 2625 Neapoli,
1966 2583 2101 2622 militis,
2117 2584 2206 2616 conf.
2222 2592 2342 2616 canon.

739 2635 819 2667 eccl.
836 2635 1064 2675 Neapolitan.,
1083 2636 1119 2667 in
1134 2645 1200 2676 qua
1215 2638 1328 2668 certus
1343 2646 1416 2668 can.
1432 2646 1595 2669 numerus
1612 2638 1644 2669 et
1666 2637 1770 2677 praeb.
1791 2637 1967 2669 distinctio
1986 2646 2053 2669 non
2072 2637 2240 2669 habentur
2250 2646 2260 2676 ;
2277 2646 2344 2670 non

739 2688 826 2720 obst.
845 2690 879 2721 S.
897 2689 941 2720 M.
962 2689 1002 2720 de
1018 2689 1180 2720 Toriellis
1195 2690 1423 2729 Neapolitan.‚
1437 2699 1466 2721 s.
1480 2690 1653 2731 Supplitii,
1669 2691 1703 2722 S.
1719 2691 1763 2722 M.
1779 2691 1819 2723 de
1838 2691 1960 2722 Doiolo
1977 2692 2010 2722 et
2025 2699 2053 2722 s.
2072 2691 2242 2729 Silvestri,
2253 2691 2340 2723 Nea·

738 2741 880 2781 politan.
897 2743 971 2773 ets.
989 2742 1129 2782 Agathae
1149 2743 1210 2778 di.,
1235 2743 1316 2774 eccl.
1341 2752 1369 2774 s.
1391 2752 1432 2779 c.,
1457 2752 1495 2775 ac
1513 2743 1672 2775 fratantia
1692 2752 1720 2775 e.
1741 2744 1898 2781 Andreae,
1919 2745 1952 2775 et
1970 2745 2006 2775 in
2024 2744 2105 2776 eccl.
2128 2753 2157 2775 s.
2180 2744 2343 2784 Cypriani

737 2795 952 2834 Neapolitan.
974 2795 1179 2835 quibusdam
1199 2795 1400 2832 redditibus,
1425 2805 1570 2836 quorum
1596 2797 1749 2828 omnium
1773 2796 1905 2828 fructus
1921 2799 1941 2829 6
1959 2806 2035 2829 unc.
2058 2797 2132 2829 auri
2157 2797 2343 2829 secundum

738 2849 947 2880 taxationem
968 2849 1108 2880 decimae
1129 2849 1280 2880 valorem
1305 2858 1455 2880 annuum
1471 2858 1539 2881 non
1560 2850 1738 2882 excedunt.
1762 2868 1801 2884 ,-
1818 2851 1844 2882 Ι.
1867 2859 1896 2883 e.
1915 2859 1960 2882 m.
1982 2850 2058 2882 abb.
2076 2851 2221 2882 monast.
2237 2859 2265 2882 s.
2284 2850 2340 2882 Se-

738 2901 847 2932 verini
866 2902 1095 2942 Neapolitan.,
1115 2903 1147 2934 et
1164 2911 1273 2943 magg.
1293 2903 1436 2934 Nicolao
1455 2903 1496 2935 de
1513 2903 1653 2939 Frattis,
1676 2904 1868 2941 Patracen.,
1883 2904 1949 2936 litt.
1967 2905 2076 2944 apost.
2094 2904 2287 2942 correctori,
2304 2912 2342 2936 ac

706 2975 708 2992 ⁴
737 2954 859 2986 Joanni
878 2955 1043 2993 Muttulae,
1058 2954 1228 2987 Theanen.
1250 2964 1323 2987 can.
1343 2956 1424 2987 eccl.
1446 2956 1497 2994 (A.
1524 2957 1574 2994 18,
1592 2956 1614 2988 f.
1630 2958 1689 2988 237
1705 2957 1737 2995 ¹³3
1761 2956 1794 2988 V.
1809 2959 1859 2995 74,
1876 2966 1928 2998 ep.
1952 2958 2040 2996 386.)
