2592 3528
396 363 454 394 198

429 453 532 480 Datum
549 447 733 481 Avenione.

470 553 507 580 21
530 555 582 580 oct.
607 551 693 579 1322.

471 602 526 633 (xu
541 596 599 624 kal.
619 595 696 628 nov.)

522 642 552 668 T.
574 641 630 668 XX.

545 711 580 739 Ut
599 720 623 738 s.

519 757 549 783 T.
569 755 640 783 xvi.

474 818 513 845 22
529 822 582 846 oct.
603 817 688 845 1322.

475 863 517 899 (xi
533 862 590 890 kal.
607 862 685 895 nov.)

515 908 545 934 Τ.
568 907 644 933 Lxx.

472 1135 512 1162 23
530 1138 581 1162 oct.
602 1133 688 1161 1322.

479 1184 509 1214 <x
529 1179 587 1206 kal.
607 1177 685 1210 nov.)

524 1223 554 1250 T.
576 1222 632 1249 XX.

537 1293 570 1321 Ut
599 1301 621 1319 s.

425 1339 473 1366 Gr.
493 1346 544 1373 pro
563 1345 637 1373 pers.
657 1336 735 1364 card.

541 1505 575 1532 Ut
590 1513 612 1531 s.

515 1551 545 1577 T.
567 1550 645 1577 XXX.

473 1666 510 1693 24
526 1669 578 1693 oct.
599 1665 685 1692 1322.

473 1715 515 1746 (lx
530 1710 586 1737 kal.
608 1710 686 1745 nov.)

509 1755 539 1781 T.
555 1754 647 1782 xxw.

471 1932 511 1959 25
524 1935 577 1958 oet.
598 1931 684 1958 1322.

463 1980 528 2012 (vm
544 1976 602 2003 kal.
620 1975 698 2007 nov.)

478 2021 508 2048 T.
530 2021 588 2052 XIl,
605 2021 673 2047 xlv.

538 2145 573 2172 Ut
593 2153 616 2172 s.

433 2189 479 2216 Gr.
497 2197 547 2223 pro
565 2190 633 2216 d.uo
648 2190 727 2217 card.

471 2570 511 2596 26
526 2574 578 2597 oct.
599 2570 686 2599 1322.

464 2616 518 2648 (vn
538 2614 596 2642 kal.
613 2615 691 2652 nov.)

553 2660 600 2687 Gr.

482 2835 517 2863 Ut
531 2844 554 2863 s.
566 2852 598 2857 —
614 2838 660 2866 Gr.

1287 0 1291 9 2
1312 0 1351 10 ··=:·=-
1390 5 1394 8 ⁴
1404 0 1543 10 --ω-τ-νισυμ
1552 0 1781 15 νν-η-ἶνᾞ--υξ-,ι-ιςυ
1804 12 1806 14 ,

788 357 962 390 JOANNIS
986 357 1104 389 PAPAE
1127 357 1228 390 xxu.
1253 359 1502 397 (1316-1334).
1526 375 1564 381 -
1586 356 1772 387 LITTERAE
1794 354 2020 386 COMMUNES

869 547 1002 580 16493.
1023 568 1060 573 --
1078 550 1248 581 indultum
1263 548 1362 580 odoni
1381 549 1418 579 de
1433 547 1676 584 Moneeclmteno,
1692 546 1795 595 militi
1811 546 1972 579 Ylerden.
1987 546 2047 584 di.,
2065 549 2103 580 ut
2118 547 2229 588 ipsius
2244 548 2422 580 confessor

821 613 881 644 per
897 613 973 635 eum
992 603 1167 643 eligendus
1185 602 1290 634 semel
1313 603 1346 632 iu
1373 601 1493 632 mortis
1508 600 1660 640 periculo
1677 599 1786 640 possit
1807 600 1838 631 ei
1856 601 2009 632 omnium
2025 601 2240 640 peccatorum
2257 609 2295 633 ac
2310 609 2420 642 poenn·

822 666 897 688 rum
913 657 1046 696 plenam
1064 656 1301 687 remissionem
1318 654 1512 685 concedere.
1534 654 1587 692 (Α.
1605 655 1655 690 19,
1672 653 1695 685 f.
1713 654 1772 684 207
1788 652 1820 689 ¹³;
1844 652 1878 685 V.
1893 654 1944 690 75,
1960 662 2013 694 ep.
2031 653 2138 695 1301.)

869 706 1000 739 16494.
1023 726 1060 731 -
1074 708 1183 739 Eidem
1202 708 1321 739 induit.
1339 707 1482 738 habendi
1501 707 1607 738 altare
1624 706 1794 746 portatile.
1811 706 1865 747 (A.
1885 707 1932 744 19,
1952 706 1974 738 s.
1991 708 2051 739 ⁴65
2063 711 2096 745 ·;
2119 706 2155 739 V.
2171 709 2223 748 75,
2241 715 2293 747 ep.
2316 709 2420 748 1677.)
2480 731 2486 737 .

869 813 1000 844 16495.
1020 834 1057 838 -
1081 814 1161 854 Epa
1182 812 1381 848 cavallicen„
1406 817 1435 843 et
1455 812 1579 852 Huqoni
1601 811 1771 849 Gaucelini,
1792 823 1875 850 can„
1895 822 1931 843 ac
1948 812 2084 854 *officiali
2102 812 2288 845 Massiliensi
2307 813 2420 846 mand.

822 871 857 900 ut
875 869 1081 907 archiepum
1109 868 1238 906 Aquen.
1266 866 1449 906 quominus
1473 866 1746 905 jurisdictionem
1775 868 1933 898 exerceat
1951 866 1986 898 in
2012 866 2098 898 locis
2114 867 2216 898 vallis
2243 867 2285 899 de
2300 867 2420 904 Tritis,

821 923 951 961 Aqueu.
969 922 1029 957 di.,
1048 929 1121 960 quae
1144 919 1218 951 abb.
1237 921 1382 951 monast.
1400 928 1428 950 s.
1453 919 1604 951 X'ictoris
1623 919 1827 957 Mass-nien„
1845 919 1884 952 Ο.
1898 920 1932 952 S.
1950 921 2001 958 B.,
2020 920 2134 951 minus
2149 921 2314 952 veraciter
2329 929 2421 952 asse-

822 974 915 1005 rebat
935 974 1001 1004 sibi
1031 973 1101 1004 fore
1121 973 1314 1004 immediate
1331 973 1494 1012 subjecta,
1510 972 1667 1012 impediri
1687 982 1753 1004 nou
1780 973 1978 1013 permittant
2000 982 2108 1014 usque
2125 973 2168 1006 ad
2182 973 2283 1006 finem
2299 982 2421 1012 causae,

821 1037 894 1067 quae
911 1036 1013 1066 super
1029 1026 1090 1057 hoc
1105 1026 1191 1066 apud
1209 1026 1243 1057 S.
1264 1028 1302 1057 A.
1320 1026 1443 1065 pendet
1460 1034 1479 1056 a
1496 1027 1648 1065 tempore
1664 1035 1731 1066 quo
1747 1026 1870 1058 Petrus
1887 1035 1976 1058 nunc
1989 1035 2086 1067 ep.us
2103 1027 2302 1059 Praenestin.
2317 1026 2423 1059 eccle-

821 1081 880 1111 siae
897 1081 1027 1120 Aqueu.
1042 1079 1256 1119 praesidebat.
1273 1079 1325 1118 (A.
1343 1079 1392 1115 18,
1408 1079 1431 1110 f.
1449 1080 1506 1111 104
1520 1084 1553 1116 ⁸³;
1572 1079 1604 1110 V.
1621 1081 1671 1117 74,
1687 1088 1739 1119 ep.
1757 1080 1841 1120 103.)

868 1130 1000 1162 16496.
1019 1151 1056 1156 -
1071 1132 1111 1163 Ν.
1126 1143 1154 1163 υ.
1176 1131 1338 1163 Francisco
1368 1131 1481 1173 quond.
1500 1131 1624 1163 Maehaei
1639 1132 1747 1164 militis
1772 1132 1809 1164 de
1824 1133 1899 1174 filiis
1918 1133 1989 1164 Ursi
2010 1133 2047 1165 de
2072 1133 2152 1165 Urbe
2171 1133 2367 1174 indulgetur
2383 1133 2423 1165 ut

821 1187 996 1218 confessor
1014 1195 1098 1217 suus
1121 1186 1154 1216 in
1171 1185 1315 1217 articulo
1342 1186 1464 1217 mortis
1479 1186 1615 1226 plenam
1629 1186 1781 1218 omnium
1798 1188 2014 1227 peccatorum
2028 1195 2167 1219 suorum
2183 1186 2422 1219 remissionem

821 1239 928 1271 semel
948 1240 978 1270 ei
995 1242 1178 1270 concedere
1194 1239 1314 1270 valeat.
1332 1239 1384 1277 (A.
1405 1239 1454 1276 18,
1474 1239 1496 1270 f.
1514 1241 1573 1271 119
1588 1245 1619 1277 ⁸3
1640 1239 1676 1271 V.
1693 1241 1745 1277 74,
1761 1248 1813 1280 ep.
1833 1242 1902 1280 74.)

868 1290 1000 1322 16497.
1021 1310 1059 1315 -
1075 1293 1261 1334 Ανεὴίερ.υε
1278 1292 1465 1328 Εὸοναεεη.,
1483 1297 1512 1324 et
1537 1293 1752 1325 abbsmonast.
1778 1304 1802 1323 s.
1822 1293 1921 1324 Blasii
1941 1294 1974 1324 in
1999 1293 2201 1325 Cantuseculo
2223 1293 2261 1325 de
2278 1292 2368 1329 Urbe,
2384 1302 2423 1324 ae

821 1346 950 1377 decanus
967 1346 1038 1377 eccl.
1062 1346 1252 1378 Lincolm'en.
1275 1347 1397 1378 dautur
1419 1348 1456 1378 ut
1479 1347 1611 1386 judices
1630 1350 1888 1379 conservatores
1912 1347 2102 1388 Napoleoui
2127 1356 2155 1378 s.
2172 1346 2315 1380 Adriani
2333 1346 2420 1379 diac.

820 1400 909 1431 card.
921 1400 1009 1431 circa
1017 1399 1128 1431 benef.
1142 1409 1216 1440 quae
1232 1400 1266 1431 in
1281 1409 1384 1440 regno
1400 1400 1531 1440 Angliae
1545 1400 1598 1432 vel
1617 1400 1700 1432 alibi
1716 1403 1813 1432 extra
1828 1409 1970 1441 regnum
1986 1400 2137 1432 Franciae
2153 1400 2292 1432 obtinet.
2302 1400 2355 1440 (A.
2369 1402 2421 1438 17,

821 1453 920 1484 f.134
937 1453 969 1489 b;
994 1453 1030 1484 V.
1051 1456 1100 1490 74,
1116 1463 1168 1493 ep.
1186 1454 1250 1492 82)
1677 1446 1680 1449 ’

867 1504 1000 1535 16498.
1018 1523 1054 1528 ——
1072 1506 1190 1537 ,loanni
1215 1517 1282 1547 ep.o
1307 1507 1526 1548 Bamberqensi
1553 1516 1646 1538 couc.
1666 1509 1702 1538 ut
1727 1507 1837 1547 possit
1864 1507 2061 1539 contrahere
2091 1509 2247 1539 mutuum
2265 1507 2307 1538 ad
2329 1515 2422 1538 sum·

820 1569 909 1591 mam
931 1561 1022 1591 1.000
1040 1560 1255 1598 florenorum,
1274 1563 1344 1592 tam
1369 1569 1429 1600 pro
1452 1560 1526 1592 suis
1551 1561 1713 1600 expensis
1729 1561 1934 1592 necessariis
1950 1569 2052 1601 quam
2070 1560 2151 1592 eccl.
2167 1569 2238 1592 suae
2262 1559 2423 1592 Bambot-

821 1622 894 1652 geu.
911 1614 1056 1652 negotiis
1072 1622 1125 1653 ap.
1143 1614 1176 1645 S.
1194 1616 1234 1645 A.
1254 1614 1488 1653 expediendis.
1504 1614 1556 1654 (A.
1576 1615 1624 1652 18,
1644 1614 1668 1645 f.
1684 1615 1724 1646 52
1740 1614 1773 1651 b;
1793 1613 1829 1645 V.
1849 1615 1900 1652 74,
1918 1622 1971 1654 ep.
1987 1614 2054 1654 93.)

871 1663 999 1695 16499.
1020 1685 1058 1689 —-
1074 1667 1188 1698 Joarmi
1212 1667 1248 1698 de
1264 1678 1288 1697 s.
1315 1667 1490 1705 Guilklmo,
1515 1668 1665 1699 sacristae
1682 1667 1762 1699 eccl.
1783 1668 1962 1704 Biterren.,
1981 1667 2200 1699 confirmatur
2216 1666 2353 1698 collatio
2366 1675 2422 1698 sa-

821 1720 944 1751 cristiae
961 1721 1057 1752 dictae
1070 1721 1151 1751 eccl.
1166 1730 1236 1751 vac.
1258 1730 1316 1760 per
1331 1720 1412 1752 obit.
1427 1721 1521 1752 Petri
1537 1721 1578 1752 de
1594 1721 1721 1757 Mesua,
1736 1721 1802 1760 ipsi
1818 1721 1932 1760 vigore
1947 1721 2064 1761 gratiae
2076 1729 2172 1760 exsp.
2188 1721 2294 1761 dign„
2308 1728 2421 1760 perso-

821 1777 920 1804 natus
938 1783 998 1805 seu
1016 1774 1070 1804 off.
1090 1783 1117 1805 c.
1134 1783 1161 1804 ο.
1179 1774 1233 1805 vel
1249 1783 1277 1805 s.
1293 1784 1321 1806 c.
1336 1775 1371 1805 in
1394 1774 1467 1805 ead.
1484 1774 1578 1810 eccl„
1602 1774 1750 1810 collatam
1768 1783 1834 1806 non
1851 1773 1938 1805 obst.
1958 1774 2186 1806 reservatione
2200 1773 2353 1805 omnium
2366 1772 2424 1805 be·

820 1828 887 1858 nef.
908 1827 1039 1867 praefati
1059 1827 1150 1859 Petri
1168 1837 1187 1858 a
1202 1828 1294 1868 Papa
1309 1827 1414 1864 facta,
1433 1828 1578 1867 suppuc.
1600 1827 1804 1868 Berengario
1818 1836 1893 1868 eps>
1911 1827 2109 1865 Tusculan„
2125 1827 2222 1868 cujus
2239 1826 2373 1858 auditor
2387 1827 2422 1858 et

819 1890 891 1919 cap.
909 1881 1038 1912 existit.
1058 1881 1109 1918 (A.
1129 1882 1178 1918 18,
1196 1881 1220 1912 s.
1239 1883 1294 1913 121
1313 1881 1347 1919 ¹>;
1371 1881 1402 1911 V.
1418 1884 1468 1918 74,
1487 1890 1539 1921 ep.
1560 1881 1644 1920 144.)

866 1931 999 1963 16500.
1018 1952 1054 1956 -
1073 1934 1236 1965 Fer-nando
1253 1934 1412 1972 Balduini,
1432 1934 1502 1965 cler.
1525 1935 1808 1975 Caesarauqustan.,
1822 1934 1932 1975 gratia
1947 1942 2043 1974 exsp.
2055 1933 2164 1965 benef.
2181 1942 2210 1965 c.
2227 1942 2256 1965 c.
2275 1933 2328 1964 vel
2347 1941 2376 1964 s.
2390 1941 2419 1965 ο.

819 1988 853 2018 in
870 1988 961 2018 civit.
980 1988 1032 2019 vel
1046 1988 1410 2028 di.Caesaraugustan.,
1431 1989 1552 2028 pertin.
1570 1988 1611 2019 ad
1625 1988 1738 2019 collat.
1752 1988 1916 2028 archiep-i
1934 1982 2250 2028 Caesaraugustan.;
2267 1986 2422 2027 sequitur

818 2041 970 2079 dispens.
991 2050 1093 2081 super
1116 2042 1248 2073 defectu
1265 2042 1386 2079 aetam,
1405 2043 1459 2082 (20
1473 2044 1530 2080 a.).
1550 2060 1586 2065 —
1606 2042 1632 2073 1.
1647 2050 1676 2073 e.
1696 2051 1740 2072 m.
1769 2041 1845 2073 abb.
1866 2042 2010 2073 monast.
2030 2049 2058 2072 s.
2074 2040 2218 2072 Joannis
2241 2040 2283 2072 de
2300 2040 2426 2077 Pinna.-

818 2095 938 2126 Oscen.
956 2094 1015 2131 di.,
1032 2096 1065 2126 et
1080 2095 1198 2134 priori,
1216 2104 1252 2126 ac
1268 2098 1355 2126 cant.
1371 2095 1451 2126 eccl.
1470 2096 1761 2135 caesaraugustan.
1779 2095 1831 2133 (A.
1850 2096 1899 2131 18,
1916 2094 1938 2125 s.
1954 2095 1994 2126 62
2011 2094 2046 2132 ὓς
2071 2093 2104 2125 V.
2121 2095 2172 2130 74,
2187 2094 2342 2134 ep.129.)

866 2145 1001 2177 16501.
1018 2165 1057 2170 —
1075 2148 1161 2189 Ep.o
1191 2153 1219 2178 et
1236 2148 1360 2179 scolast.
1380 2148 1584 2186 Xanctonen„
1608 2158 1644 2179 ac
1669 2149 1762 2179 Petro
1785 2147 1822 2179 de
1849 2147 2028 2188 Thoffalltis,
2054 2137 2122 2178 cari.
2144 2148 2306 2188 Aqennen.
2332 2145 2420 2183 ecel..

819 2202 932 2232 mand.
951 2204 987 2232 ut
1005 2201 1106 2233 citent
1128 2211 1241 2233 coram
1262 2202 1354 2242 Papa
1374 2203 1462 2234 infra
1488 2212 1549 2232 xxv
1568 2202 1641 2233 dies
1659 2202 1800 2233 Petrum
1823 2202 1927 2238 Clari,
1944 2201 2175 2238 domicellum,
2192 2200 2251 2241 qui
2267 2201 2308 2232 de
2325 2209 2421 2232 man·

820 2254 897 2285 dato
915 2255 1023 2294 patris
1037 2255 1104 2292 sui,
1123 2257 1158 2286 ut
1173 2255 1292 2291 sci-tur,
1311 2255 1537 2287 Guillelmum
1557 2255 1747 2292 Audrandi‚
1767 2257 1930 2287 rectorem
1951 2254 2087 2295 paroch.
2105 2254 2187 2286 eccl.
2208 2254 2250 2286 de
2265 2254 2422 2286 Coi-mne-

818 2308 923 2341 elusa.
952 2308 1161 2339 Xanctouen.
1181 2308 1241 2346 di.,
1265 2309 1455 2340 auditorem
1472 2318 1651 2340 causarum
1670 2310 1702 2340 et
1721 2308 1941 2349 sigilliferuru
1962 2308 2154 2353 Arualdis.
2175 2307 2319 2339 AdrIaui
2333 2307 2420 2338 diae.

819 2362 921 2399 card„
949 2361 1176 2393 archidiaconi
1201 2362 1281 2393 eccl.
1306 2363 1531 2399 Xanctonen„
1556 2363 1636 2394 dum
1653 2363 1694 2393 de
1716 2362 1921 2402 quibusdam
1943 2362 2027 2393 locis
2045 2361 2126 2393 dicti
2149 2360 2344 2398 archidiac..
2361 2359 2421 2392 ubi

818 2414 928 2445 fuerat
942 2415 982 2445 ad
996 2414 1074 2454 jura
1092 2415 1312 2452 reddendum,
1324 2416 1365 2446 ad
1381 2415 1461 2447 eccl.
1481 2425 1579 2447 suam
1596 2416 1732 2450 rediret,
1743 2415 1920 2455 evaginato
1936 2424 2016 2446 ense
2030 2415 2065 2445 iu
2076 2414 2185 2455 capite
2198 2413 2277 2445 etin
2293 2413 2420 2446 facien

819 2467 945 2498 ictibus
963 2468 1165 2505 vulneravit,
1184 2477 1301 2499 aurem
1317 2468 1384 2499 sihi
1401 2477 1477 2499 cum
1497 2470 1591 2508 parte
1606 2477 1699 2508 genae
1714 2470 1748 2499 et
1763 2477 1885 2499 nasum
1902 2467 2120 2507 amputando.
2135 2467 2190 2507 (A.
2208 2468 2257 2503 18,
2274 2467 2296 2496 f.
2315 2467 2370 2498 ¹21
2386 2471 2419 2503 *ς
2474 2484 2479 2487 <
2530 2460 2539 2471 ⁵

825 2520 858 2551 V.
874 2523 912 2551 74
941 2529 958 2551 e
987 2544 993 2550 .
1012 2522 1083 2552 223.

865 2529 998 2603 16:5⁰2.
1018 2592 1054 2596 —
1072 2521 1204 2605 henrico
1232 2574 1368 2605 Viderici
1382 2574 1419 2606 de
1439 2574 1523 2604 Tullo
1549 2583 1644 2614 prov.
1661 2571 1781 2606 canon.
1797 2574 1862 2605 sub
1879 2583 1974 2613 exsp.
1993 2573 2096 2613 praeb.
2113 2573 2194 2604 eccl.
2211 2574 2249 2605 B.
2265 2573 2311 2610 M.
2329 2573 2422 2614 Mag·

818 2626 947 2658 daleuae
974 2627 1162 2659 Virdunen.
1174 2638 1182 2664 ;
1201 2636 1267 2658 nou
1288 2627 1375 2659 obst.
1399 2628 1489 2667 quod
1506 2627 1617 2659 benef.
1636 2637 1664 2659 c.
1689 2636 1716 2659 c.
1739 2627 1793 2659 vel
1808 2636 1838 2658 s.
1854 2636 1883 2658 e.
1911 2627 1953 2658 ad
1975 2627 2087 2658 collat.
2115 2626 2234 2658 decani
2261 2627 2294 2658 et
2315 2626 2418 2666 capit.

804 2680 898 2711 eccl.
918 2681 958 2711 de
980 2689 1007 2711 s.
1026 2681 1189 2718 Deodato,
1215 2681 1349 2712 Tullen.
1372 2682 1430 2718 di.,
1455 2681 1578 2721 pertin.
1601 2681 1634 2712 iu
1659 2681 1768 2712 forma
1789 2689 1978 2721 pauperum
2002 2681 2188 2720 exspectet.
2214 2698 2252 2702 —
2269 2680 2296 2711 Ι.
2316 2688 2347 2712 e.
2371 2687 2418 2711 m.

818 2742 846 2764 s.
864 2733 980 2765 Vitoui
1003 2735 1035 2765 et
1058 2742 1085 2764 s.
1103 2733 1237 2765 Nicolai
1260 2734 1295 2765 in
1322 2735 1423 2766 Prato
1451 2735 1637 2766 Virduuen.
1657 2736 1802 2766 monast.
1822 2733 1910 2771 abb.,
1928 2743 1966 2765 ac
1989 2742 2077 2774 mag.
2093 2733 2217 2765 Joanni
2232 2733 2275 2764 de
2297 2732 2418 2773 Regio,

817 2795 921 2826 praep.
941 2786 1022 2817 eccl.
1037 2787 1207 2824 Parmen.,
1222 2787 1301 2818 cler.
1320 2796 1462 2819 camerae
1480 2789 1590 2827 apost.
1604 2787 1657 2828 (Α.
1676 2789 1725 2824 18,
1743 2787 1765 2818 f.
1783 2789 1841 2818 114
1857 2792 1890 2823 ⁸;
1912 2787 1948 2818 V.
1969 2789 2018 2823 74,
2036 2796 2088 2827 ep.
2109 2787 2163 2818 121
2187 2786 2240 2826 Β.)

865 2836 998 2868 16503.
1017 2857 1053 2862 -
1067 2839 1184 2871 Joanni
1199 2839 1308 2870 Picoso
1322 2834 1416 2880 prov,
1434 2835 1553 2872 canon.
1572 2841 1651 2872 eccl.
1670 2841 1789 2872 Soran.
1806 2840 1869 2871 sub
1886 2849 1982 2880 exsp.
1999 2839 2103 2880 praeb.
2121 2841 2154 2871 et
2169 2839 2280 2871 benef.
2298 2839 2329 2879 (3
2339 2847 2415 2871 une.

818 2893 918 2932 auri),
937 2902 965 2924 c.
982 2902 1010 2924 c.
1030 2893 1084 2924 vel
1102 2902 1129 2923 s.
1146 2902 1174 2924 c.
1197 2893 1231 2924 in
1249 2893 1342 2925 civit.
1360 2893 1412 2924 vel
1425 2894 1471 2925 di.
1487 2894 1621 2931 Soram,
1637 2894 1758 2934 pertin.
1777 2894 1819 2925 ad
1834 2894 1992 2934 disposit.
2007 2893 2225 2933 ep.iSorau.;
2243 2901 2308 2924 non
2327 2891 2415 2924 obst.

819 2946 1022 2985 quibusdam
1041 2947 1143 2977 terris
1170 2947 1202 2977 iu
1225 2947 1343 2978 Sorau.
1363 2947 1423 2984 di.,
1440 2949 1473 2978 et
1500 2948 1681 2979 medietate
1705 2947 1830 2978 ruralis
1849 2947 1930 2978 eccl.
1951 2955 1978 2978 S.
1996 2946 2103 2978 Blasii
2120 2946 2161 2977 de
2185 2945 2417 2983 Marciaueilo,

818 2999 988 3030 Theaneu.
1014 3000 1073 3036 di.,
1102 3009 1246 3040 quarum
1273 3000 1404 3031 fructus
1420 3003 1440 3032 4
1457 3001 1530 3032 ssor.
1559 3001 1632 3031 auri
1656 3001 1841 3032 secuudum
1868 3000 2076 3032 taxationem
2100 2999 2238 3031 decimae
2266 2998 2417 3030 valorem

818 3061 966 3082 aunuum
984 3061 1050 3083 uon
1065 3053 1252 3090 exceduut;
1271 3053 1422 3085 dimittat
1437 3056 1550 3085 autem
1567 3063 1665 3085 omne
1675 3054 1732 3093 jus
1748 3054 1791 3085 ad
1804 3062 1924 3085 canon.
1937 3053 2035 3084 dictae
2051 3052 2132 3084 eccl.
2146 3054 2180 3084 et
2193 3052 2278 3083 alias
2294 3053 2416 3088 terras,
