2592 3528
214 364 316 390 Datum
348 359 375 391 A
382 359 528 390 cenione.

260 731 296 759 18
318 730 376 758 dec.
398 730 485 757 1321.

263 775 313 812 (xv
331 774 391 802 kal.
407 774 482 810 jan.)

319 820 350 847 T.
372 819 427 846 XL.

332 945 368 972 Ut
389 952 412 971 s.

313 990 343 1017 T.
361 988 433 1016 XVI.

265 1106 302 1133 19
318 1105 376 1133 dec.
396 1104 484 1132 1321.

263 1153 328 1185 (x1v
343 1149 402 1177 kal.
415 1149 490 1185 jan.)

321 1195 352 1222 T.
373 1194 430 1222 XV.

334 1372 370 1399 Ut
388 1380 412 1398 s.

269 1416 316 1443 Gr.
333 1424 384 1451 pro
399 1415 476 1443 card.

335 1583 372 1611 Ut
386 1591 409 1610 s.

315 1629 345 1655 T.
365 1628 421 1655 XX.

261 1798 301 1826 20
317 1798 375 1825 dec.
395 1797 484 1826 1321.

259 1843 327 1879 (xm
343 1842 401 1870 kal.
417 1841 490 1878 jan.)

213 1887 265 1916 Gr.
286 1895 338 1923 pro
358 1895 435 1922 pers.
456 1887 534 1915 card.

331 2012 368 2039 Ut
394 2020 418 2039 s.

309 2056 340 2084 T.
357 2055 439 2083 XXII.

263 2331 303 2359 21
322 2330 380 2359 dec.
398 2330 486 2359 1321.

270 2375 326 2411 (xii
341 2375 400 2403 kal.
414 2374 489 2411 jan.)

317 2420 346 2447 T.
366 2420 438 2447 XVI.

338 2545 375 2572 Ut
394 2553 418 2572 s.

285 2589 315 2617 T.
336 2590 382 2624 XI,
405 2590 476 2617 XIII.

264 2756 308 2785 22
326 2756 385 2784 dec.
409 2757 497 2786 1321.

274 2803 320 2836 (xl
339 2801 398 2829 kal.
416 2800 492 2838 jan.)

330 2845 360 2873 T.
375 2845 434 2874 XII.

349 2916 386 2944 Ut
404 2925 427 2944 s.

330 2960 362 2988 T.
382 2960 440 2988 XII.

587 271 760 303 JOANNIS
785 272 902 302 PAPAE
924 272 1026 302 XXII.
1051 274 1300 311 (1316-1334).
1322 291 1361 296 —
1384 273 1569 303 LITTERAE
1593 274 1818 305 COMMUNES
2175 278 2213 308 43

617 471 689 493 ram
708 463 856 500 trahens,
875 463 928 494 vel
947 463 1101 494 residens
1119 463 1154 494 in
1176 463 1291 503 aliqua
1306 463 1386 494 eccl.
1410 464 1445 494 in
1464 463 1588 503 quibus
1603 463 1823 495 beneficiatus
1839 464 1967 501 existit,
1985 475 2045 496 seu
2063 466 2128 497 litt.
2147 469 2216 498 stu-

616 516 682 553 dio,
704 516 738 547 in
763 516 836 547 loco
855 516 911 547 ubi
927 516 1022 556 ,illud
1043 516 1155 556 vigeat
1172 516 1341 556 generale,
1365 517 1541 554 insistens,
1562 526 1669 556 usque
1689 517 1730 548 ad
1753 517 1939 549 triennium
1955 518 2084 550 fructus
2103 519 2213 551 benef.

616 577 755 600 suorum
772 570 945 609 percipere
964 569 1085 606 valeat,
1104 578 1163 601 nec
1179 569 1314 600 interim
1330 569 1479 601 residere
1496 578 1556 601 nec
1573 570 1615 600 ad
1631 579 1745 601 sacros
1761 571 1832 601 ord.
1851 579 1886 601 se
1898 571 2006 602 facere
2024 573 2216 610 promoveri

614 623 782 653 teneatur.
803 640 841 644 —
859 623 884 654 I.
901 631 930 654 e.
948 631 992 653 m.
1013 622 1139 653 archid.
1166 622 1427 662 Montispensati
1453 623 1643 659 Catureen„
1661 626 1692 654 et
1706 623 1889 654 Guillelmo
1906 624 1946 655 de
1967 624 2134 659 Concouz,
2151 626 2217 656 Au-

616 675 827 713 tisiodoren„
841 676 1038 707 acArnaldo
1055 676 1095 707 de
1113 676 1268 713 Petrilia,
1284 676 1454 707 Turonen.
1466 685 1538 707 can.
1551 676 1632 707 eccl.
1651 675 1704 717 (A.
1721 678 1768 712 16,
1780 676 1801 707 f.
1817 678 1874 708 140
1890 676 1921 712 ¹³,
1944 677 1979 707 V.
1997 679 2046 713 73,
2063 686 2115 717 ep.
2131 679 2214 716 285.)

663 725 797 758 11875.
818 728 989 759 ——Decano
1006 728 1078 759 eccl.
1095 728 1280 769 Erbipolen.
1299 730 1410 760 mand.
1428 730 1475 766 ut,
1494 729 1523 760 si
1540 729 1735 760 canonicam
1750 730 1927 767 invenerit,
1945 730 2119 761 confirmet
2134 731 2217 762 elec-

616 781 744 813 tionem
761 782 904 813 Andreae
922 782 1048 822 prioris
1066 782 1237 822 prioratus
1250 783 1290 814 de
1303 782 1453 819 Dalesiz,
1472 783 1510 814 Ο.
1526 783 1560 814 S.
1579 783 1632 820 A„
1655 783 1851 815 Olomucen.
1871 783 1931 820 di.‚
1947 783 1983 814 in
1997 792 2100 823 praep.
2120 792 2217 823 gene-

617 835 724 866 ralem
745 835 1027 867 monasteriorum
1054 836 1088 867 S.
1108 836 1152 866 M.
1168 836 1376 875 Magdalenae
1401 836 1435 866 in
1453 836 1645 874 Alamania,
1664 836 1705 867 ad
1723 837 1762 867 R.
1785 837 1821 867 E.
1841 836 1936 867 nullo
1953 837 2064 868 medio
2080 837 2217 876 pertin„

617 888 699 920 dicti
717 889 802 926 ord„
819 889 929 920 electi.
949 889 1003 929 (A.
1023 890 1073 926 16,
1092 889 1114 921 f.
1134 890 1194 920 254
1211 895 1241 926 ³5
1263 889 1299 920 V.
1318 891 1367 924 73,
1384 898 1435 929 ep.
1452 891 1536 927 301.)

665 939 798 971 14878.
817 961 855 965 -
872 942 959 983 Ερ.ο
977 942 1174 981 Andeqaven.
1191 943 1304 973 mand.
1322 944 1358 974 ut
1372 943 1547 982 dispenset
1562 952 1664 982 super
1680 948 1725 974 1v⁰
1743 952 1784 974 ex
1803 945 1945 983 utroque
1962 943 2067 974 latere
2082 952 2221 974 consan-

617 995 711 1036 guin.
728 997 835 1036 gradu
852 995 887 1026 in
906 996 1055 1027 matrim.
1076 996 1146 1036 jam
1161 998 1331 1027 contracto
1347 997 1435 1027 inter
1454 1005 1486 1027 n.
1504 1006 1533 1027 V.
1554 997 1780 1036 Reginaldum
1797 997 1837 1028 de
1855 996 2059 1028 Maulevrier
2075 998 2107 1028 et
2123 1005 2154 1027 n.
2174 1006 2219 1028 m.

618 1049 795 1080 Isabellim
810 1050 951 1086 Danoir,
971 1050 1187 1089 Andegaven.
1204 1050 1249 1081 di.
1269 1050 1322 1088 (A.
1337 1051 1384 1087 16,
1403 1050 1425 1081 f.
1444 1052 1499 1082 331
1516 1055 1549 1085 ³;
1573 1050 1608 1081 V.
1629 1052 1678 1085 73,
1696 1059 1747 1090 ep.
1768 1051 1853 1087 665.)

666 1099 800 1132 14877.
819 1121 857 1126 —
872 1103 1068 1134 Hortatoria
1085 1102 1152 1133 abb.
1171 1108 1200 1133 et
1217 1113 1303 1133 conv.
1316 1108 1447 1135 monast.
1468 1114 1492 1135 s,
1508 1103 1653 1144 Dionysii
1668 1103 1698 1134 in
1714 1103 1861 1141 Francia,
1875 1104 1913 1135 O.
1931 1104 1964 1135 S.
1982 1104 2034 1140 B„
2051 1104 2219 1136 Parisien.

620 1156 678 1194 di.‚
698 1156 826 1187 directa
848 1157 885 1188 ut
901 1156 1082 1188 observent
1099 1157 1330 1188 venditionem
1345 1157 1522 1196 pensionis
1539 1157 1693 1188 vitalitiae
1709 1157 1875 1188 librarum
1892 1157 2054 1196 parisien.
2071 1159 2143 1195 400,
2162 1167 2222 1197 per

620 1210 714 1249 ipsos
740 1210 855 1241 favore
875 1210 1016 1241 ,Ioannis
1045 1210 1209 1250 archiep.i
1230 1211 1386 1241 Bremen.
1411 1210 1545 1247 factam,
1573 1219 1632 1250 pro
1658 1210 1766 1250 pretio
1783 1209 1939 1242 24001ib.
1956 1211 2118 1250 parisien.
2137 1220 2222 1251 quas

619 1265 857 1294 converterunt
871 1263 906 1294 in
917 1263 1196 1295 exonerationem
1210 1263 1405 1295 debitorum
1419 1263 1544 1303 quibus
1555 1265 1702 1295 monast.
1717 1263 1871 1303 ipsorum
1882 1265 2122 1303 pergravatum
2134 1265 2220 1301 erat;

620 1317 679 1347 sed
695 1325 783 1347 nunc
801 1316 1002 1356 pensionem
1022 1317 1216 1357 hujusmodi
1233 1317 1366 1348 solvere
1383 1317 1560 1356 denegant.
1581 1316 1633 1355 (A.
1653 1318 1703 1354 16,
1720 1317 1742 1348 f.
1760 1318 1819 1348 255
1835 1317 1871 1354 ¹³3
1894 1316 1926 1347 V.
1945 1318 1995 1352 73,
2016 1326 2068 1356 ep.
2087 1318 2171 1356 305.)

665 1366 800 1399 14878.
817 1389 855 1393 -
869 1369 996 1401 Induit.
1025 1369 1118 1400 Vitali
1135 1379 1205 1410 ep.o
1222 1369 1376 1400 Albanen.
1397 1371 1432 1401 ut
1451 1370 1530 1401 cler.
1551 1370 1662 1409 ipsius
1680 1370 1801 1404 famil..
1818 1370 1997 1402 domestici
2015 1372 2047 1401 et
2070 1371 2222 1402 continui

619 1431 817 1459 commens.,
831 1424 1015 1462 praesentes
1032 1424 1064 1454 et
1081 1423 1221 1463 posteri,
1242 1424 1406 1463 quamdiu
1424 1423 1599 1463 obsequiis
1617 1424 1690 1455 suis
1710 1423 1908 1460 institerint,
1923 1423 2054 1454 fructus
2068 1425 2221 1455 omnium

619 1476 728 1507 benef.
753 1485 893 1507 suorum
918 1476 1045 1516 absque
1068 1476 1254 1507 residentia
1277 1477 1413 1508 valeant
1437 1477 1566 1516 integre
1590 1477 1776 1516 percipere.
1799 1477 1850 1515 (A.
1867 1477 1922 1517 :16,
1946 1477 1967 1507 f.
1993 1478 2097 1514 257³,
2118 1478 2154 1508 V.
2171 1479 2221 1514 73,

619 1539 671 1570 ep.
689 1531 773 1567 307.)

666 1580 801 1613 14879.
818 1601 856 1606 -
874 1583 999 1614 Induit.
1018 1583 1179 1614 Bernardo
1192 1583 1381 1620 Rossinlzoli,
1395 1583 1518 1615 rectori
1532 1583 1667 1623 paroch.
1686 1583 1765 1615 eccl.
1784 1592 1812 1615 s.
1827 1584 1999 1615 Vincentii
2016 1584 2055 1615 de
2071 1585 2218 1621 Porteto,

619 1637 842 1676 Burdegalen.
869 1637 930 1672 di.‚
949 1638 984 1668 ut
1000 1637 1042 1667 ad
1056 1636 1245 1674 biennium,
1267 1646 1286 1668 a
1299 1637 1365 1668 fine
1383 1638 1462 1668 anni
1477 1637 1625 1677 ipsijam
1642 1637 1806 1673 concessi,
1821 1637 2015 1676 disciplinis
2031 1637 2219 1668 ecclesiast.

619 1690 654 1722 in
673 1690 824 1731 generali
839 1690 952 1721 studio
968 1690 1169 1727 insistendo,
1185 1699 1252 1722 non
1269 1692 1422 1722 teneatur
1439 1691 1481 1722 ad
1497 1699 1612 1722 sacros
1628 1690 1699 1722 ord.
1718 1691 1910 1731 promoveri
1926 1699 1987 1722 nec
2003 1691 2222 1722 residentiam

619 1744 740 1775 facere.
757 1743 810 1783 (A.
830 1745 878 1780 16,
898 1743 920 1774 f.
939 1744 996 1776 157
1010 1749 1039 1782 ⁸3
1059 1743 1095 1775 V.
1112 1746 1162 1781 73,
1184 1753 1238 1784 ep.
1254 1744 1340 1785 409.)

666 1794 801 1827 14880.
820 1815 858 1820 -
887 1796 977 1828 Vitali
1005 1807 1076 1838 ep.o
1090 1797 1242 1828 Albanen.
1259 1798 1360 1829 facul.
1385 1807 1477 1829 conc.
1498 1798 1643 1828 faciendi
1670 1798 1750 1829 cler.
1767 1798 1840 1828 suis
1856 1798 2054 1829 domesticis
2069 1799 2101 1829 et
2117 1798 2220 1829 conti-

619 1851 698 1882 nuis
713 1851 1013 1889 commensalibus,
1034 1851 1197 1891 quamdiu
1213 1852 1287 1892 ejus
1305 1851 1480 1891 obsequiis
1496 1851 1693 1889 institerint,
1711 1851 1842 1882 fructus
1859 1851 1970 1882 benef.
1988 1860 2128 1882 suorum
2142 1851 2224 1883 inte-

620 1913 677 1945 gre
693 1905 895 1942 ministrari‚
912 1905 1010 1944 juxta
1033 1905 1287 1936 concessionem
1307 1905 1373 1937 eid.
1390 1915 1447 1936 x1v
1465 1905 1532 1936 kal.
1546 1905 1616 1945 jan.
1635 1905 1770 1936 factam.
1790 1906 1844 1944 (A.
1860 1907 1909 1942 16,
1926 1905 1947 1935 f.
1965 1906 2024 1937 257
2038 1910 2051 1926 ³
2067 1906 2099 1936 et
2117 1907 2175 1936 395
2191 1905 2220 1942 b;

629 1958 661 1989 V.
679 1960 728 1995 73,
746 1967 798 1997 ep.
817 1958 902 1997 307.)

667 2009 803 2040 11881.
819 2028 857 2033 -
873 2011 988 2042 Facul.
1012 2010 1186 2052 quardiano
1201 2017 1230 2042 et
1245 2012 1282 2043 F.
1305 2011 1340 2042 Ο.
1356 2012 1397 2042 Μ.
1416 2012 1501 2042 civit.
1523 2012 1710 2048 Sc'benicen„
1730 2011 1912 2051 provinciae
1928 2011 2127 2048 Sclavoniae,
2146 2021 2219 2043 con-

621 2074 717 2096 cessa
744 2064 930 2104 recipiendi
952 2065 1065 2095 locum
1085 2065 1170 2104 ipsis
1197 2073 1257 2104 per
1282 2065 1372 2096 cives
1398 2065 1589 2096 Sibenicen.
1610 2065 1698 2096 infra
1715 2065 1867 2096 eamdem
1886 2065 1977 2095 civit.
1998 2066 2220 2105 assignatum,

622 2118 658 2149 in
671 2118 1021 2157 recompensationem
1048 2118 1191 2149 alterius
1217 2120 1314 2149 extra
1338 2118 1430 2150 civit.
1458 2119 1573 2158 positi,
1601 2120 1634 2149 et
1649 2120 1787 2158 propter
1810 2119 1937 2148 metum
1958 2117 2147 2149 obsidionis
2164 2127 2222 2157 per

622 2171 810 2203 Mladinum
840 2170 1062 2202 Chroatorum
1091 2172 1123 2202 et
1150 2171 1272 2203 Bosnae
1296 2171 1435 2208 banum,
1454 2181 1514 2212 per
1535 2173 1657 2202 terram
1687 2172 1719 2202 et
1746 2180 1838 2202 mare
1862 2171 2045 2207 intentatae,
2070 2171 2222 2202 funditus

623 2225 746 2256 eversi.
768 2224 821 2263 (A.
848 2226 897 2261 16,
921 2224 944 2254 f.
963 2226 1020 2256 257
1038 2223 1068 2262 ¹³3
1089 2223 1122 2256 V.
1142 2226 1192 2262 73,
1209 2234 1260 2264 ep.
1288 2226 1365 2261 311;
1388 2224 1508 2262 Eubel,
1531 2224 1709 2255 Bullarium
1733 2224 1983 2261 Franciscanum,
2007 2226 2030 2255 t.
2054 2225 2081 2262 Ι,
2099 2233 2130 2264 p.
2151 2225 2221 2259 217,

623 2287 655 2310 n.
668 2277 754 2318 455.)

670 2328 806 2361 14882.
821 2350 859 2354 —
873 2331 960 2371 E'p.o
975 2330 1174 2371 Andeqaven.
1190 2331 1305 2362 mand.
1321 2333 1358 2362 ut
1375 2340 1412 2363 se
1427 2331 1611 2363 informent
1623 2340 1725 2371 super
1741 2331 1885 2371 quadam
1900 2331 1999 2362 domo
2010 2331 2050 2361 ad
2059 2331 2223 2361 decanum

624 2386 657 2416 et
672 2385 772 2424 capit.
786 2384 866 2415 eccl.
885 2384 1101 2424 Andegaven.
1119 2385 1256 2424 pertin„
1270 2386 1302 2416 et
1319 2394 1379 2425 per
1390 2393 1448 2416 eos
1462 2385 1632 2416 mediante
1649 2385 1779 2416 decenti
1792 2384 2103 2424 recompensatione
2118 2383 2225 2424 priori

626 2439 658 2470 et
676 2437 841 2469 fratribus
860 2438 899 2469 Ο.
915 2438 953 2469 Ρ.
972 2437 1070 2469 dictae
1096 2438 1188 2469 civit.
1206 2447 1267 2478 pro
1284 2438 1481 2470 dilatatione
1498 2438 1651 2478 ipsorum
1667 2440 1852 2469 conventus
1870 2437 2086 2478 assignanda.
2102 2437 2156 2477 (A.
2175 2439 2223 2474 16,

625 2491 648 2522 t'.
667 2493 725 2523 147
748 2490 782 2527 ¹³3
811 2491 847 2522 V.
867 2493 918 2528 73,
932 2499 986 2531 ep.
1003 2491 1089 2531 347.)

671 2541 806 2574 11883.
827 2562 865 2567 -
881 2543 1002 2576 Collat.
1021 2553 1140 2576 canon.
1159 2544 1222 2576 sub
1240 2553 1335 2585 exsp.
1355 2544 1459 2585 praeb.
1476 2545 1556 2577 eccl.
1576 2545 1766 2576 Ariminen.
1792 2543 1951 2576 Guillelmo
1974 2543 2099 2575 Matlzaei
2114 2543 2227 2574 Bonvi·

625 2599 697 2629 sim'.
713 2616 751 2621 -
773 2598 798 2630 Ι.
815 2607 845 2629 e.
865 2607 910 2629 m.
931 2597 1006 2630 abb.
1025 2599 1170 2630 monast.
1189 2607 1216 2630 s.
1234 2598 1397 2638 Stephani
1419 2599 1619 2634 Bononien.,
1644 2602 1676 2630 et
1694 2598 1839 2638 archipr.
1864 2598 1944 2629 eccl.
1962 2606 1990 2628 s.
2006 2598 2098 2629 Petri
2115 2597 2149 2628 in
2169 2597 2228 2628 Ca·

626 2651 709 2689 sale,
732 2651 919 2683 Bononien.
937 2651 997 2688 di.‚
1022 2660 1059 2683 ac
1079 2651 1205 2683 Busolo
1222 2652 1262 2683 de
1281 2651 1417 2690 Parma,
1444 2661 1516 2683 can.
1537 2652 1737 2689 Tornacen.‚
1763 2651 1829 2682 PP.
1850 2660 1921 2691 cap.
1941 2651 1995 2690 (A.
2012 2652 2060 2686 16,
2079 2650 2102 2682 f.
2121 2651 2179 2681 334
2195 2649 2226 2686 ῦς

633 2704 668 2737 V.
687 2706 737 2741 73,
755 2713 807 2745 ep.
825 2704 913 2745 422.)

674 2755 809 2788 14884.
827 2775 867 2780 -
887 2758 1152 2790 Testimoniales
1179 2759 1365 2790 consecrat.
1390 2758 1498 2790 Jacobi
1515 2758 1579 2799 ep.i
1603 2757 1743 2789 Castren.
1761 2766 1837 2789 cum
1858 2757 1996 2788 licentia
2018 2755 2196 2788 recedendi
2211 2763 2228 2786 e

628 2811 734 2843 curia.
754 2811 806 2850 (A.
823 2813 872 2849 16,
891 2811 914 2842 f.
933 2813 991 2843 189
1007 2816 1040 2849 ὃς
1063 2811 1099 2843 V.
1118 2814 1167 2848 73,
1189 2820 1242 2852 ep.
1258 2812 1344 2850 327.)

677 2914 811 2946 11885.
829 2935 867 2940 -
877 2917 1139 2948 Testimoniales
1151 2917 1337 2949 consecrat.
1355 2916 1514 2948 Francisci
1527 2917 1589 2957 ep.i
1601 2915 1770 2953 Ravellen.‚
1785 2924 1861 2946 cum
1874 2915 2012 2946 licentia
2023 2914 2201 2945 recedendi
2212 2922 2229 2944 e

631 2970 737 3001 curia.
756 2970 809 3010 (A.
831 2972 878 3008 16,
898 2970 920 3001 f.
937 2971 996 3002 189
1009 2975 1039 3007 ³3
1062 2970 1098 3002 V.
1116 2973 1167 3009 73,
1183 2979 1236 3011 ep.
1261 2970 1348 3011 327.)
