2592 3528
339 328 398 359 268

372 416 474 443 natum
494 408 678 443 Aveniom'.

362 621 398 649 n
410 621 444 658 (11
459 620 510 654 id.)
525 621 594 648 maii
610 619 698 647 1323.

449 666 480 692 T.
499 666 534 700 C,
552 665 600 692 Gr.

485 938 521 965 Ut
546 946 570 965 s.

453 983 484 1010 T.
505 983 540 1014 C,
557 982 603 1009 Gr.

490 1151 526 1178 Ut
541 1159 563 1178 s.

434 1196 465 1223 T.
484 1196 530 1225 XI.
545 1195 616 1222 XIII.

486 1418 521 1445 Ut
541 1426 564 1444 s.

434 1462 464 1489 T.
482 1462 528 1496 XI,
545 1461 616 1488 XIII.

484 1578 520 1606 Ut
546 1586 570 1606 s.

461 1623 492 1650 T.
509 1623 592 1649 XXII.

381 1845 418 1873 15
431 1844 495 1879 (id.)
510 1846 576 1872 maii
591 1845 678 1876 1323.

490 2004 527 2032 Ut
547 2012 571 2033 s·

478 2049 508 2075 T.
529 2048 583 2075 XL.

489 2164 524 2191 Ut
540 2173 563 2191 s.

477 2210 507 2237 T.
530 2210 584 2237 XL.

416 2325 453 2351 {6
471 2325 539 2352 maii
555 2324 642 2352 1323.

409 2371 483 2402 (xvu
501 2369 559 2396 kal.
575 2369 649 2405 jun.)

435 2413 466 2442 T.
485 2414 531 2448 XI,
547 2414 618 2442 XIII.

491 2645 528 2673 Ut
544 2653 569 2672 s.

434 2690 465 2718 T.
482 2690 527 2723 XI,
543 2689 614 2716 XIII.

495 2965 531 2993 Ut
547 2973 570 2992 s.

477 3010 506 3035 Τ.
528 3009 584 3036 ΧΧ.
624 3036 627 3039 .

746 323 920 355 JOANNIS
943 323 1062 355 PAPAE
1083 323 1184 355 xxn.
1208 323 1456 365 (1816-1384).
1481 342 1519 347 -
1541 323 1728 354 LITTERAE
1752 321 1977 354 COMMUNES

769 522 796 545 s.
812 514 949 546 ViVIani
967 516 1063 546 extra
1081 523 1198 546 muros
1214 515 1425 547 xanctonen.
1451 513 1635 554 prioribus,
1653 522 1691 544 ac
1705 521 1793 553 mag.
1819 512 1971 545 Arnaldo
1994 513 2111 554 Regis,
2128 521 2203 546 can.
2219 513 2367 547 Melden.

769 567 863 605 eccl.‚
879 568 979 607 Papae
993 576 1066 608 cap.
1082 568 1134 608 (A.
1152 569 1202 605 19,
1221 568 1244 599 f.
1264 569 1323 600 219
1341 573 1370 605 ⁸3
1393 567 1429 598 V.
1447 569 1497 603 75.
1515 575 1566 606 ep.
1584 566 1688 605 1169.)

813 620 825 632 ”
845 618 978 650 17283.
1002 639 1041 644 -
1062 621 1261 652 Indicuntur
1276 622 1400 660 treugae
1414 628 1522 660 usque
1539 619 1581 651 ad
1593 619 1788 659 proximum
1803 618 1928 651 festum
1945 618 1978 651 b.
1995 619 2135 651 Martini
2149 619 2320 657 hiemalis,
2336 622 2369 653 et

770 675 894 705 extunc
911 683 970 714 per
987 675 1094 706 totum
1111 683 1235 705 annum
1253 673 1426 704 servandae
1442 673 1529 704 inter
1546 681 1579 703 n.
1594 681 1626 703 v,
1644 671 1832 704 Amedeum
1846 672 2006 704 comitem
2023 672 2213 709 Sabaudiae,
2228 673 2371 706 Petrum

771 727 977 766 archiep.um
993 727 1189 767 Lugdunen.
1209 735 1393 766 eorumque
1407 725 1615 756 adhaerentes
1631 733 1674 757 ex
1692 733 1772 761 una,
1788 726 1821 757 et
1836 733 1869 756 n.
1885 733 1931 756 m.
1950 725 2135 766 Agnesiam
2150 726 2191 758 dc
2209 725 2372 759 Cabilone

771 780 982 812 comitissam
1003 779 1210 817 Gebennen.,
1231 779 1388 810 tutricem
1411 778 1553 810 Amedei
1572 778 1707 810 comitis
1724 777 1933 814 Gebennen„
1952 778 2140 811 Amedeum
2155 779 2199 811 el.
2222 779 2370 817 Tullen„

771 834 804 864 et
820 833 1039 873 Hugoninum
1061 834 1159 864 natos
1185 832 1293 872 eJusd.
1322 831 1518 868 comitissae,
1539 831 1696 871 partibus
1717 839 1760 863 ex
1786 831 1903 863 altera.
1929 831 1983 872 (A.
2009 832 2057 869 18,
2082 831 2105 863 f.
2129 833 2189 864 563
2205 837 2235 871 ⁸3
2262 832 2298 865 V.
2321 834 2370 871 74,

771 894 823 925 ep.
842 887 927 925 807.)

818 939 828 950 ·
845 936 980 968 17281.
1005 956 1043 962 —
1070 938 1271 969 Indicuntur
1295 939 1421 977 treugae
1450 945 1559 977 usque
1583 938 1626 968 ad
1647 945 1742 977 prox.
1773 937 1898 969 festum
1919 937 1952 969 b.
1980 937 2118 970 Martini
2145 937 2316 977 hiemalis,
2339 939 2373 972 et

771 993 895 1023 extunc
916 1001 976 1031 per
1000 992 1109 1023 totum
1133 999 1259 1022 annum
1282 991 1456 1022 servandae
1482 990 1571 1022 inter
1594 991 1782 1022 Amedeum
1807 991 1965 1022 comitem
1983 990 2162 1023 Sabaudiae
2176 1000 2220 1023 ex
2236 1000 2315 1031 una,
2340 993 2374 1025 et

772 1045 957 1076 Henricum
974 1045 1016 1076 el.
1035 1044 1171 1080 Meten.‚
1189 1043 1382 1075 Delfinatus
1400 1044 1584 1083 regentem,
1599 1052 1637 1075 ac
1654 1043 1844 1084 Guigonem
1858 1044 2022 1076 delfinum
2039 1044 2204 1077 viennen.
2222 1045 2256 1077 et
2271 1045 2375 1078 comi-

771 1099 839 1129 tem
856 1098 1022 1129 Albonen.
1042 1097 1197 1137 partibus
1214 1105 1256 1128 ex
1275 1096 1392 1128 altera.
1406 1097 1459 1136 (A.
1482 1097 1531 1132 18,
1555 1097 1578 1128 f.
1595 1098 1655 1129 565
1672 1102 1700 1133 *ς
1721 1096 1754 1127 V.
1771 1098 1821 1135 74,
1836 1106 1888 1138 ep.
1907 1097 1992 1137 808.)

818 1148 951 1180 1⁷285.
971 1168 1008 1173 —
1023 1149 1153 1181 Nicolao
1170 1154 1242 1180 nato
1258 1149 1371 1191 quond.
1393 1149 1550 1191 Raynaldi
1568 1149 1605 1180 de
1626 1148 1822 1181 castrocaldi
1847 1150 1957 1190 gratia
1972 1158 2068 1191 exsp.
2088 1150 2203 1184 benef.
2223 1159 2252 1184 c.
2271 1159 2301 1183 c.
2317 1151 2374 1184 vel

772 1214 799 1237 S.
815 1214 843 1236 c.
861 1205 896 1235 in
913 1204 1005 1236 civit.
1026 1204 1081 1235 vel
1095 1204 1142 1234 di.
1157 1203 1318 1235 Nucerin.
1334 1203 1459 1243 pertin.
1480 1203 1521 1235 ad
1541 1204 1651 1236 collat.
1674 1204 1742 1244 ep.i
1760 1204 1794 1236 et
1812 1204 1914 1244 capit.
1931 1204 2112 1242 Nucerin.;
2129 1213 2196 1236 non
2215 1204 2303 1237 obst.
2320 1213 2375 1237 ca·

772 1267 849 1290 non.
865 1258 945 1289 eccl.
960 1257 1132 1297 Spoletan.
1151 1256 1214 1288 sub
1230 1265 1326 1296 exsp.
1347 1256 1450 1296 praeb.
1475 1274 1514 1279 —
1532 1257 1559 1288 Ι.
1578 1265 1608 1288 e.
1628 1266 1672 1288 m.
1691 1256 1766 1288 abb.
1789 1258 1935 1288 monast.
1952 1265 1980 1288 s.
1998 1257 2118 1289 Crucis
2136 1257 2178 1289 de
2192 1257 2372 1297 saxovivo,

771 1311 986 1351 FulgInaten.
1009 1310 1068 1347 di„
1093 1311 1126 1341 et
1142 1309 1268 1341 Jacobo
1293 1310 1334 1341 de
1351 1309 1494 1348 Mutina,
1518 1310 1748 1347 Cameracen„
1771 1310 1872 1350 Papae
1897 1319 1983 1351 cap„
2007 1318 2046 1342 ac
2061 1310 2200 1343 Trincio
2218 1310 2372 1350 Berardi,

771 1365 982 1405 Fulginaten.
1001 1372 1073 1395 can.
1091 1363 1170 1394 eccl.
1191 1363 1242 1403 (A.
1265 1364 1312 1400 18,
1333 1363 1356 1394 f.
1373 1364 1433 1395 532
1449 1363 1478 1401 ¹²3
1503 1363 1539 1395 V.
1557 1365 1608 1401 74,
1629 1372 1681 1403 ep.
1695 1363 1782 1404 821.)

818 1415 953 1448 17286.
972 1436 1009 1440 -
1024 1415 1158 1457 AE'qidio
1181 1416 1295 1447 Piczoli
1318 1416 1355 1447 de
1374 1417 1482 1448 Castro
1499 1416 1616 1447 Litaldi
1640 1425 1735 1456 prov.
1761 1425 1880 1448 canon.
1901 1417 1982 1448 eccl.
2003 1417 2176 1458 Spoletan.
2195 1416 2260 1449 sub
2275 1425 2373 1458 exsp.

770 1471 874 1512 praeb.
887 1480 925 1502 ac
936 1471 1027 1511 dign.
1041 1480 1069 1501 c.
1082 1479 1109 1502 c.
1128 1470 1182 1501 vel
1200 1479 1227 1501 s.
1243 1479 1271 1501 c.
1284 1479 1293 1507 3
1309 1479 1375 1501 non
1390 1470 1478 1501 obst.
1495 1470 1530 1502 in
1544 1469 1624 1502 eccl.
1638 1470 1884 1510 Nigroponten.
1898 1479 2017 1502 canon.
2031 1471 2064 1502 et
2073 1470 2177 1511 praeb.
2190 1487 2228 1493 —
2244 1470 2272 1502 1.
2285 1478 2315 1502 e.
2325 1478 2372 1503 m.

771 1526 808 1557 ut
824 1534 852 1556 s.
871 1525 922 1562 (A.
940 1525 988 1562 18,
1009 1524 1031 1555 f.
1049 1525 1108 1555 533
1127 1529 1155 1559 ἃ,
1178 1523 1214 1554 V.
1232 1525 1282 1561 74,
1300 1532 1352 1564 ep.
1369 1523 1457 1563 822.)

818 1575 952 1608 17287.
970 1595 1008 1600 -
1025 1578 1061 1608 S.
1081 1576 1244 1608 Clementis
1263 1581 1291 1607 et
1306 1587 1331 1607 s.
1349 1576 1574 1618 Symphoriani
1591 1581 1681 1608 extr-a
1699 1587 1799 1607 muros
1813 1577 1923 1609 Meten.
1944 1581 2075 1608 monast.
2100 1577 2182 1615 abb„
2205 1587 2242 1608 αι·
2258 1577 2376 1608 loanni

772 1632 806 1662 de
823 1631 1017 1672 Comerceyo,
1045 1641 1111 1661 can.
1139 1630 1307 1672 Virdurren.
1325 1629 1412 1665 eccl.‚
1434 1630 1548 1661 mand.
1566 1631 1603 1661 ut
1623 1630 1725 1661 Petro
1748 1630 1789 1661 de
1811 1629 1999 1662 Vaurelliis
2014 1629 2189 1662 conferant
2203 1639 2323 1663 canon.
2340 1631 2375 1663 et

771 1685 874 1725 praeb.
893 1685 973 1716 ecel.
990 1684 1127 1721 Meten„
1145 1692 1215 1715 vac.
1236 1692 1296 1723 per
1312 1683 1460 1714 matrim.
1477 1683 1621 1715 Joannis
1637 1683 1677 1714 de
1693 1683 1879 1723 Saraponte
1894 1684 1927 1715 et
1935 1683 2005 1723 jam
2022 1691 2084 1724 per
2102 1683 2375 1724 quinquennium

773 1748 791 1770 a
806 1739 908 1778 capit.
929 1739 1094 1773 retentos;
1112 1746 1178 1768 non
1196 1736 1283 1768 obst.
1308 1736 1443 1776 paroch.
1471 1736 1551 1767 eccl.
1579 1736 1620 1768 de
1646 1736 1847 1773 Doumerre,
1866 1736 1990 1768 Meten.
2011 1736 2057 1768 di.
2075 1731 2128 1775 (A.
2158 1738 2207 1775 19,
2226 1737 2250 1768 f.
2266 1738 2328 1769 442
2344 1742 2374 1776 ⁸;

779 1791 811 1821 V.
831 1794 880 1826 75,
898 1800 950 1830 ep.
971 1790 1075 1830 1624.)

819 1842 953 1873 17288.
977 1862 1015 1866 -
1038 1843 1078 1874 Ν.
1102 1853 1130 1874 υ.
1153 1842 1316 1874 Guillelmo
1338 1842 1374 1873 de
1391 1842 1533 1882 Tianyes,
1556 1847 1629 1873 nato
1653 1853 1684 1872 η.
1706 1853 1735 1873 υ.
1758 1841 1914 1872 Guillelmi
1929 1842 1996 1886 alni
2012 1841 2049 1873 de
2067 1841 2224 1873 Merroliis
2241 1846 2271 1874 et
2286 1853 2317 1875 n.
2333 1853 2375 1876 m.

771 1898 898 1928 Joarmae
913 1902 991 1927 nalae
1005 1907 1036 1927 n.
1057 1907 1084 1927 υ.
1106 1896 1234 1928 Joanm‘s
1248 1895 1325 1927 dicti
1338 1896 1448 1933 Borni,
1466 1895 1536 1926 dmi
1551 1895 1588 1926 de
1606 1895 1723 1933 Bar-tis,
1739 1894 1913 1926 marescalli
1932 1895 2082 1933 Franciae,
2100 1895 2252 1936 dispens.
2273 1904 2376 1937 super

774 1956 821 1982 1v⁰
836 1951 1055 1991 consanguin.
1072 1950 1179 1990 gradu
1195 1950 1230 1980 in
1248 1949 1396 1981 matrim.
1415 1949 1653 1980 contrahendo.
1675 1948 1727 1988 (V.
1744 1950 1793 1986 74,
1811 1957 1864 1988 ep.
1885 1948 1972 1989 768.)

819 2002 953 2034 17289.
971 2023 1008 2028 -
1024 2003 1102 2035 Abb.
1121 2008 1249 2034 monast.
1273 2003 1306 2033 in
1324 2002 1511 2039 Blz'denstat,
1529 2002 1706 2043 Mayuntin.
1727 2002 1784 2038 di„
1808 2008 1836 2033 et
1853 2002 1980 2043 Spiren.
2003 2012 2040 2033 ac
2063 2001 2249 2034 Vormatien.
2267 2002 2377 2035 decani

772 2058 843 2090 eccl.
861 2058 983 2089 dantur
999 2059 1036 2088 ut
1050 2057 1182 2097 judices
1203 2057 1458 2087 conservatores
1483 2055 1590 2095 priori
1604 2056 1638 2087 et
1653 2055 1754 2095 capit.
1779 2055 1955 2096 Sepulchri
1977 2054 2149 2087 Dominici
2164 2055 2378 2088 Jerosolimi-

771 2112 854 2149 tani,
873 2112 911 2143 Ο.
930 2111 963 2142 S.
981 2112 1035 2146 A..
1055 2111 1096 2141 ad
1112 2110 1395 2150 quInquennium.
1413 2109 1466 2149 (A.
1482 2110 1531 2147 18,
1549 2109 1572 2140 f.
1590 2110 1648 2140 317
1663 2114 1692 2145 ³3
1716 2108 1752 2140 V.
1772 2110 1822 2145 75,
1838 2117 1891 2149 ep.
1910 2109 2015 2148 1770.)

819 2162 950 2193 17290.
979 2182 1018 2187 -
1042 2162 1222 2194 Cracovien.
1244 2168 1273 2193 et
1294 2162 1468 2193 olomucen.
1484 2161 1601 2199 decani,
1620 2171 1655 2193 ac
1672 2161 1791 2192 archid.
1813 2162 1949 2203 Praqen.
1969 2161 2041 2193 eccl.
2058 2162 2182 2194 dantur
2196 2163 2234 2194 ut
2245 2162 2378 2202 judioes

772 2219 1028 2250 conservatores
1042 2216 1148 2256 priori
1164 2217 1196 2248 et
1212 2216 1313 2256 capit.
1336 2215 1553 2256 supradictis,
1577 2216 1620 2247 ad
1643 2215 1927 2256 quinquennium.
1952 2215 2006 2254 (A.
2029 2216 2078 2254 18,
2101 2215 2124 2246 f.
2145 2217 2204 2247 317
2219 2215 2251 2253 ¹²5
2272 2215 2309 2248 V.
2325 2217 2376 2253 75,

772 2281 824 2312 ep.
845 2272 948 2311 1771.)

818 2322 951 2353 17291.
969 2342 1006 2347 -
1024 2323 1118 2354 Petro
1134 2323 1348 2363 Ermenqaudi
1359 2322 1468 2362 gratia
1481 2331 1577 2362 exsp.
1594 2322 1778 2362 prioratus,
1794 2322 1849 2353 vel
1865 2321 1934 2360 off„
1948 2330 2008 2353 seu
2021 2321 2214 2353 administr.
2230 2330 2258 2353 c.
2275 2330 2304 2354 c.
2322 2322 2380 2355 vel

773 2387 799 2409 s.
815 2387 842 2409 c.
869 2387 929 2417 per
945 2377 1127 2408 monachos
1152 2376 1233 2408 eccl.
1252 2385 1279 2407 s.
1308 2375 1423 2407 Pontii
1446 2375 1718 2413 Thomeriarum,
1737 2375 1835 2415 quus
1852 2375 1971 2406 existIt
1988 2382 2093 2410 mon.,
2111 2375 2150 2407 O.
2169 2374 2203 2407 S.
2220 2375 2274 2412 Β.,
2295 2374 2376 2415 gub.

772 2431 925 2462 consueti
936 2440 946 2467 5
963 2430 1152 2470 prioratum
1174 2430 1287 2460 autem
1303 2430 1339 2460 B.
1360 2429 1404 2460 M.
1423 2428 1464 2460 de
1479 2427 1644 2464 Malhaco,
1662 2427 1771 2468 ejusd.
1791 2428 1877 2465 ord„
1893 2427 2087 2459 Narbonen.
2103 2427 2164 2466 di„
2182 2427 2310 2460 modici
2321 2436 2377 2460 va-

772 2485 868 2522 loris,
890 2484 985 2524 cujus
1001 2492 1082 2514 cura
1105 2491 1165 2522 per
1181 2482 1379 2514 saecularem
1396 2481 1509 2522 presb.
1536 2482 1725 2519 exercetur,
1748 2481 1908 2512 dimittat.
1931 2497 1968 2504 -
1985 2481 2013 2512 Ι.
2033 2489 2061 2512 e.
2080 2489 2125 2512 m.
2148 2480 2275 2512 archid.
2294 2481 2378 2514 Con-

773 2538 866 2569 chen.
884 2537 1088 2573 Ruthenen.,
1101 2538 1133 2567 et
1143 2535 1330 2579 Guillelmo
1347 2535 1388 2566 de
1403 2534 1595 2570 Rocosello,
1615 2543 1688 2566 can.
1705 2534 1889 2572 Lodoven.,
1907 2542 1945 2565 ac
1956 2533 2096 2565 officiali
2111 2533 2278 2566 Biterren.
2293 2533 2376 2566 eccl.

773 2591 824 2632 (A.
850 2592 901 2625 18,
918 2590 942 2620 f.
957 2592 1016 2621 533
1030 2589 1059 2626 ῦς
1077 2589 1112 2620 V.
1132 2590 1182 2627 74,
1202 2597 1254 2628 ep.
1269 2588 1354 2627 817.)

820 2640 955 2674 17292.
978 2661 1012 2665 -
1029 2642 1142 2674 Jacobo
1163 2642 1200 2672 de
1222 2640 1370 2672 Melbodio
1396 2640 1508 2672 collat.
1526 2648 1644 2671 canon.
1662 2639 1742 2671 eccl.
1763 2639 1950 2671 Tornacen.
1969 2638 2034 2670 sub
2055 2648 2152 2679 exsp.
2170 2639 2292 2680 praeb.;
2309 2648 2378 2672 non

773 2697 861 2728 obst.
880 2697 914 2727 in
930 2696 1093 2732 Monten„
1118 2694 1336 2731 Melbodien.,
1356 2694 1521 2725 Peronen.
1540 2694 1572 2724 et
1597 2701 1624 2723 s.
1642 2692 1798 2729 Quintini
1820 2691 1856 2723 in
1873 2692 2093 2724 Viromandia
2110 2692 2191 2724 eccl.
2212 2701 2330 2725 canon.
2344 2693 2380 2725 et

772 2749 889 2790 praeb.,
907 2757 1001 2789 perp.
1022 2748 1141 2788 capell.
1159 2747 1255 2778 Aulae
1273 2746 1409 2778 comitis
1425 2746 1466 2777 de
1478 2745 1620 2777 Binchio
1631 2747 1664 2776 et
1677 2753 1796 2776 canon.
1814 2744 1878 2776 sub
1890 2753 1986 2785 exsp.
2003 2745 2106 2785 praeb.
2123 2745 2205 2777 eccl.
2221 2754 2250 2777 s.
2262 2745 2378 2778 Amati

773 2804 936 2839 Duacen„
948 2801 1159 2838 Atrebatem,
1173 2800 1388 2831 cameracen.
1408 2800 1441 2830 et
1455 2798 1656 2830 Noviomen.
1673 2798 1720 2829 di.
1739 2816 1776 2821 —
1791 2798 1819 2829 Ι.
1831 2806 1861 2830 e.
1878 2806 1924 2830 m.
1942 2797 2018 2830 abb.
2035 2800 2181 2830 monast.
2197 2807 2225 2830 s.
2241 2798 2378 2831 Nicolai

774 2857 814 2888 de
830 2855 942 2887 Pratis
951 2855 1050 2895 juxta
1062 2854 1264 2891 Tornacum,
1277 2854 1310 2884 et
1325 2852 1450 2884 decano
1465 2851 1685 2887 Anthonien.,
1703 2851 1919 2883 cameracen.
1936 2851 1998 2888 di„
2009 2860 2047 2883 ac
2059 2851 2210 2884 Oliverio
2225 2851 2266 2883 de
2278 2851 2374 2884 Cam-

774 2909 887 2950 pellis,
906 2917 980 2940 can.
995 2907 1197 2940 Noviomen.
1214 2906 1295 2938 eccl.
1313 2906 1368 2947 (A.
1386 2907 1436 2943 18,
1454 2905 1476 2937 f.
1493 2906 1552 2937 577
1568 2904 1598 2942 Ι>;
1620 2904 1654 2935 V.
1670 2907 1721 2943 74,
1739 2913 1793 2944 ep.
1809 2904 1896 2945 865.)

821 2959 956 2993 17293.
976 2979 1014 2984 -
1026 2961 1129 3001 Praep.
1146 2964 1175 2990 et
1186 2958 1305 2991 archid.
1325 2958 1520 2990 ostrevanen.
1538 2957 1732 2995 Atrebatem,
1751 2967 1787 2988 ac
1803 2957 1936 2989 thesaur.
1950 2967 1976 2989 ε.
1989 2956 2106 2988 Donati
2121 2956 2271 2996 Dauom„
2286 2957 2377 2989 Atre-

776 3017 875 3047 baten.
896 3015 954 3053 di„
976 3013 1047 3045 eccl.
1065 3014 1177 3046 mand.
1205 3021 1265 3053 pro
1289 3021 1321 3043 n.
1338 3021 1369 3043 v.
1387 3012 1530 3043 Sauseto
1553 3012 1632 3043 d.n0
1654 3011 1695 3043 de
1722 3010 1877 3049 Bussori,
1899 3010 2116 3043 cameracen.
2143 3010 2203 3049 di.,
2225 3012 2259 3042 et
2276 3019 2311 3042 n.
2328 3019 2375 3043 m.
