2592 3528
276 418 380 445 Datum
402 413 589 447 Avenione.

250 732 287 760 10
307 732 349 768 (iv
366 731 418 766 id.)
438 739 505 766 auq.
529 730 616 758 1323.

321 776 367 804 Gr.
386 784 437 811 pro
452 776 541 804 socio.

393 838 430 866 Ut
450 847 475 867 s.

382 883 412 910 T.
433 883 487 910 XL.

391 998 428 1025 Ut
447 1006 471 1025 s.
489 999 499 1019 ¹

340 1043 370 1070 T.
391 1043 437 1075 XI,
455 1042 528 1070 XIII.

391 1263 428 1291 Ut
448 1271 472 1290 s.

333 1307 364 1335 T.
386 1308 445 1342 XII,
465 1308 534 1335 XIV.

394 1583 429 1611 Ut.
444 1592 468 1610 s.

358 1627 388 1653 T.
406 1627 502 1654 XVIII.

396 1689 431 1717 Ut
452 1698 476 1717 s„

352 1734 383 1763 T.
405 1734 436 1768 L,
456 1734 512 1763 XL.

394 2223 429 2250 Ut
447 2232 470 2250 s.

286 2267 318 2296 Τ.
338 2267 372 2294 XI
392 2268 436 2300 ¹l2›
453 2268 514 2295 XIII
537 2269 578 2301 ¹l2-

395 2436 429 2464 Ut
446 2446 470 2465 s.

289 2481 321 2508 T.
340 2481 375 2508 xl
392 2482 438 2516 ¹12,
453 2481 515 2509 XIII
532 2481 578 2516 ¹l2.

394 2648 430 2676 Ut
446 2657 471 2676 s.

381 2693 411 2720 T.
432 2693 488 2720 XX.

640 329 813 360 JOANNIS
836 329 954 360 PAPAE
976 323 1077 360 XXII.
1102 332 1350 370 (1316-1334).
1373 350 1412 354 —
1434 332 1620 363 LITTERAE
1643 332 1868 363 COMMUNES
2210 333 2269 363 323

674 516 758 548 tiam
777 516 992 553 invasorum3
1018 516 1053 547 in
1076 525 1142 556 quo
1166 517 1303 557 quidem
1323 517 1456 548 insultu
1473 520 1550 556 post
1574 526 1743 549 recessum
1771 528 1871 550 suum
1896 519 2034 559 quidam
2052 520 2208 557 clericus,
2229 528 2272 551 ex

674 571 770 608 parte
787 578 860 607 sua,
874 570 996 600 mortis
1011 569 1198 606 interitum,
1218 571 1250 601 et
1267 570 1406 610 quidam
1420 571 1505 601 alter
1522 571 1731 602 orbationem
1745 574 1845 602 unius
1858 572 1946 603 oculi
1958 573 2184 611 incurrerunt,
2199 574 2271 613 plu-

674 621 770 653 ribus
794 622 873 653 aliis
897 622 974 653 hinc
998 624 1030 654 et
1051 623 1129 654 inde
1154 623 1228 654 sine
1256 623 1527 654 inhabilitatione
1558 624 1599 654 ad
1626 624 1742 655 divina
1764 625 1883 656 leviter
1910 625 2109 657 vulneratis.
2138 627 2189 666 (A.
2220 627 2270 663 19,

674 675 697 706 f.
713 677 773 707 314
788 675 818 712 ¹³3
839 675 873 706 V.
888 677 940 713 75,
959 684 1010 715 ep.
1029 676 1135 716 1313.)

721 726 856 758 17903.
877 746 915 752 -
936 729 1021 770 May.
1040 729 1202 761 Guillelmo
1219 729 1257 760 de
1269 740 1294 760 s.
1314 730 1443 767 Victore,
1462 739 1565 770 praep.
1584 730 1663 762 eccl.
1685 739 1712 761 s.
1732 731 1824 761 Petri
1839 731 1879 762 de
1897 732 2038 762 Foresta
2053 732 2271 770 Aquinatem„

675 782 776 821 Papae
794 783 964 822 scriptori,
982 783 1119 814 licentia
1135 783 1294 815 testandi.
1310 784 1365 824 (A.
1380 785 1428 820 19,
1448 784 1471 814 f.
1492 785 1551 816 280
1570 783 1599 820 ¹³;
1622 783 1659 815 V.
1675 785 1724 821 75,
1741 793 1792 823 ep.
1816 785 1922 824 1324.)

723 832 858 865 17904.
884 853 922 859 -
948 836 1138 876 Aquinatem.
1163 841 1191 867 et
1218 836 1387 877 Venasron.
1413 838 1487 878 epi,
1512 847 1548 867 ac
1573 836 1665 867 abbas
1683 841 1815 867 monast.
1833 847 1857 869 s.
1876 837 2000 868 Matlzaei
2021 837 2188 868 Servorum
2205 837 2272 875 Dei,

678 886 838 919 cassinen.
853 889 912 926 di.,
930 890 1052 921 dantur
1065 890 1244 930 utjudices
1259 892 1516 922 conservatores
1532 890 1683 922 Pennen.
1699 892 1731 922 et
1747 890 1887 922 Adrien.
1905 899 1990 930 ep.o.
2004 891 2055 930 (A.
2073 892 2121 928 19,
2134 890 2157 921 f.
2172 891 2232 922 280
2243 890 2273 927 ι’;

681 941 718 972 V.
733 944 783 979 75,
802 951 853 981 ep.
875 943 979 982 1325.)

723 993 859 1025 17905.
878 1013 915 1017 —
935 996 1053 1027 Joanm'
1072 996 1296 1038 Trompatoris,
1313 997 1426 1037 presb.
1450 997 1631 1035 Parisien.,
1650 997 1771 1028 rectori
1789 997 1923 1037 paroch.
1944 997 2025 1028 eccl.
2044 997 2083 1028 de
2100 1006 2128 1028 s.
2148 997 2274 1028 Leode-

676 1048 770 1087 gario
788 1048 821 1079 in
835 1049 1008 1089 Aquilina,
1025 1050 1203 1082 Carnoten.
1223 1051 1283 1088 di.,
1304 1051 1414 1090 gratia
1429 1059 1525 1090 exsp.
1545 1050 1655 1082 benef.
1677 1051 1789 1082 saecul.
1807 1060 1834 1082 c.
1855 1059 1882 1081 c.
1906 1051 1958 1082 vel
1974 1059 2002 1082 s.
2022 1060 2050 1081 c.
2070 1052 2121 1089 (60
2139 1050 2198 1081 lib.
2215 1059 2274 1090 pa-

676 1101 822 1140 risten),
846 1102 970 1142 pertin.
998 1103 1039 1134 ad
1059 1103 1171 1135 collat.
1194 1104 1320 1143 prioris
1340 1105 1372 1135 et
1396 1113 1492 1135 conv.
1516 1105 1661 1135 monast.
1681 1112 1708 1135 s.
1731 1104 1868 1135 Martini
1888 1104 1929 1135 de
1949 1104 2088 1143 Campis
2105 1104 2272 1135 Parisien.
2327 1132 2333 1137 .

679 1163 740 1194 per
757 1156 905 1194 priorem
921 1156 1013 1187 soliti
1031 1156 1111 1197 gub.
1132 1175 1170 1180 -
1185 1158 1211 1188 I.
1232 1166 1260 1188 e.
1280 1166 1324 1188 m.
1342 1158 1466 1189 decano
1485 1158 1667 1194 Parisien„
1687 1159 1718 1189 et
1733 1157 1925 1189 subdecano
1939 1158 2132 1195 Carnoten„
2150 1166 2186 1188 30
2202 1166 2275 1188 can-

677 1208 817 1240 cellario
831 1209 1018 1249 Lingonen.
1036 1211 1115 1241 eccl.
1135 1210 1187 1250 (A.
1209 1212 1258 1246 19,
1278 1211 1300 1241 f.
1315 1212 1375 1242 209
1391 1210 1420 1247 ¹²;
1443 1211 1479 1242 V.
1499 1213 1549 1249 75,
1564 1219 1616 1251 ep.
1635 1211 1740 1251 1330.)

723 1259 859 1292 17906.
882 1281 919 1285 -
938 1263 1073 1294 Draconi
1089 1264 1126 1294 de
1145 1263 1283 1295 Caritate
1292 1265 1418 1305 juniori
1439 1265 1548 1304 gratia
1565 1273 1661 1304 exsp.
1678 1264 1780 1304 praeb.
1799 1264 1937 1304 integrae
1961 1265 1994 1295 et
2010 1264 2198 1305 dignitatis,
2222 1264 2276 1296 vel

676 1317 879 1355 personatus
896 1325 956 1348 seu
973 1317 1027 1348 off.
1049 1317 1082 1347 in
1101 1317 1181 1348 eccl.
1202 1317 1425 1349 Ambianensi
1441 1318 1476 1348 in
1491 1327 1557 1358 qua
1572 1317 1674 1357 praeb.
1695 1326 1761 1348 non
1780 1317 1958 1357 integram,
1976 1326 2077 1358 quam
2092 1318 2275 1353 dimittere,

677 1368 817 1406 obtinet,
840 1369 927 1400 etde
946 1370 1207 1409 poenitentiaria,
1227 1371 1280 1401 cui
1300 1371 1499 1402 renunciare
1521 1372 1666 1407 tenetur,
1688 1371 1847 1410 provisus
1869 1372 1936 1408 est;
1961 1380 2027 1402 non
2046 1370 2133 1402 obst.
2156 1379 2274 1402 canon.

677 1423 710 1453 et
725 1421 826 1461 praeb.
844 1423 924 1454 eccl.
945 1423 1098 1459 Trecen.‚
1118 1425 1151 1455 et
1167 1423 1287 1463 capell.
1305 1424 1425 1455 altaris
1440 1433 1466 1454 s.
1485 1424 1623 1455 Martini
1639 1424 1720 1455 eccl.
1738 1424 1778 1454 de
1800 1423 1952 1459 Loriaco,
1972 1424 2155 1456 Bituricen.
2173 1424 2219 1455 di.
2238 1442 2275 1447 —

677 1475 703 1506 Ι.
718 1484 747 1506 0.
766 1484 810 1505 m.
833 1484 861 1506 s.
880 1475 1023 1507 Joannis
1039 1476 1241 1507 Ambianen.
1256 1478 1289 1508 et
1305 1486 1333 1507 s.
1350 1477 1522 1514 Fusciani,
1539 1477 1742 1509 Ambianen.
1762 1477 1822 1514 di.,
1840 1478 1984 1508 monast.
2002 1476 2092 1515 abb„
2108 1486 2145 1508 ac
2166 1477 2278 1510 Olive-

677 1528 729 1559 rio
748 1529 788 1559 de
805 1528 1002 1568 Campellis,
1019 1538 1091 1560 can.
1107 1530 1308 1562 Noviomen.
1329 1530 1382 1570 (A.
1399 1532 1446 1567 19,
1465 1530 1488 1560 f.
1506 1532 1562 1561 281
1583 1530 1614 1566 b3
1637 1530 1672 1561 V.
1696 1532 1744 1566 75,
1762 1539 1814 1569 ep.
1833 1531 1938 1569 1331.)

724 1579 859 1611 17907.
878 1600 916 1604 -
933 1582 1056 1613 Simoni
1073 1593 1141 1623 epo
1158 1583 1339 1614 Ambianen.
1358 1584 1773 1623 relaxaturjuramentum
1791 1584 1831 1614 de
1850 1584 2032 1614 visitandis
2046 1584 2276 1623 apostolorum

677 1634 856 1666 liminibus
876 1636 1022 1676 singulis
1037 1636 1196 1668 bienniis.
1219 1637 1270 1675 (A.
1292 1639 1340 1674 19,
1358 1637 1381 1668 f.
1396 1638 1454 1668 281
1471 1637 1500 1674 ¹³3
1523 1637 1556 1669 V.
1574 1639 1624 1674 75,
1639 1645 1691 1676 ep.
1709 1637 1816 1677 1332.)

720 1689 731 1700 “
754 1686 889 1719 17908.
910 1707 948 1715 —-
972 1688 1101 1729 Huyoni
1128 1689 1260 1721 Giraudi
1276 1690 1353 1728 mil.,
1367 1690 1454 1731 juris
1470 1690 1570 1720 civilis
1586 1690 1768 1731 professori,
1798 1690 1951 1721 Vivarien.
1977 1690 2034 1728 di.,
2059 1691 2277 1722 confirmatur

676 1750 788 1773 annua
804 1742 923 1781 pensio
939 1744 980 1774 40
997 1742 1020 1773 1.
1037 1744 1060 1773 t.
1081 1743 1147 1782 ipsi
1162 1752 1180 1774 a
1196 1744 1320 1783 quond.
1339 1743 1523 1775 Guillelmo
1538 1744 1578 1774 de
1598 1743 1762 1781 Vilareto,
1782 1752 1872 1784 mag.
1891 1743 2072 1784 hospitalis
2091 1752 2119 1774 s.
2135 1744 2277 1775 Joannis

675 1795 957 1834 Jerosolimitani,
975 1796 1115 1827 attentis
1127 1797 1288 1836 gratiosis
1305 1797 1455 1828 servitiis
1470 1797 1511 1827 ab
1526 1797 1599 1828 eod.
1616 1797 1751 1836 Hugoni
1767 1797 1856 1828 dicto
1871 1797 2033 1836 hospitali
2047 1796 2187 1836 ejusque
2205 1806 2276 1837 per-

678 1849 773 1879 sonis
791 1849 968 1888 impensis,
985 1857 1087 1889 super
1103 1849 1211 1881 talliis
1227 1851 1260 1881 et
1274 1850 1505 1881 taxationibus
1526 1850 1698 1890 impositis
1717 1851 1749 1881 et
1772 1850 1988 1889 imponendis
2010 1850 2277 1890 praeceptoribus

677 1903 856 1933 domorum
882 1902 963 1933 dicti
985 1902 1176 1942 hospitalis,
1204 1903 1367 1943 quamdiu
1389 1904 1515 1934 vixerit
1540 1904 1722 1943 assignata,
1746 1904 1778 1934 et
1799 1912 1818 1934 3
1843 1903 1991 1934 Fulcone
2011 1903 2051 1934 de
2069 1903 2221 1935 Vilareto
2238 1912 2277 1934 30

677 1955 823 1986 Heliono
840 1956 880 1986 de
896 1956 1089 1994 Villanova,
1107 1956 1214 1995 ejusd.
1233 1956 1410 1988 Guillelmi
1427 1956 1695 1994 successoribus,
1715 1956 1924 1987 confirmata.
1942 1957 2138 1996 Sequuntur
2154 1956 2277 1988 litterae

676 2008 806 2047 praefati
825 2009 962 2040 Helioni
988 2017 1090 2049 super
1111 2009 1173 2041 hoc
1198 2009 1357 2041 confectae
1384 2019 1399 2040 «
1425 2010 1599 2041 Avenione
1617 2009 1680 2040 sub
1703 2009 1798 2040 bulla
1819 2011 1935 2040 nostra
1951 2009 2123 2049 plumbea,
2145 2018 2205 2049 per
2222 2018 2276 2042 me

676 2062 816 2093 fratrem
833 2062 974 2093 Petrum
991 2063 1030 2093 de
1047 2063 1165 2100 Imola‚
1181 2063 1235 2094 die
1253 2068 1330 2094 xm·
1347 2063 1565 2103 mensisjulii
1583 2072 1670 2094 anno
1685 2063 1822 2094 Domini
1836 2063 2094 2099 MCCCXXIIP,
2111 2069 2157 2093 vi⁰
2171 2063 2276 2095 indic-

675 2115 779 2146 tionis
798 2124 824 2146 ».
841 2133 879 2138 -
896 2116 922 2146 I.
945 2124 975 2146 e.
992 2124 1038 2146 m.
1060 2116 1230 2155 archiepc
1246 2116 1428 2154 Tolosano,
1445 2117 1478 2147 et
1495 2117 1644 2148 Vauren.
1660 2125 1697 2147 30
1711 2117 1873 2148 vasaten.
1887 2116 1985 2156 epis..
2002 2116 2054 2156 (A.
2074 2118 2124 2154 19,
2140 2116 2162 2147 f.
2175 2117 2236 2147 240
2245 2121 2275 2154 ⁸;

684 2168 715 2199 V.
731 2170 779 2206 75,
798 2178 850 2208 ep.
870 2170 947 2201 1335
964 2170 973 2207 )

723 2219 858 2252 17909.
877 2241 913 2245 -
935 2222 1027 2252 Petro
1047 2222 1189 2259 Giraudi,
1208 2223 1330 2254 rectori
1345 2222 1480 2262 paroch.
1492 2223 1572 2254 eccl.
1593 2223 1632 2254 de
1646 2222 1758 2260 Saxis,
1776 2222 1953 2254 Tolosanae
1966 2223 2026 2259 di.,
2043 2220 2136 2262 prov.
2155 2231 2273 2255 canon.

676 2275 756 2307 eccl.
778 2276 964 2307 Vaurensis
984 2275 1047 2307 sub
1063 2285 1158 2316 exsp.
1176 2275 1294 2316 praeb.,
1311 2276 1416 2316 dign..
1435 2277 1638 2316 personatus
1657 2285 1716 2307 seu
1731 2276 1785 2307 off.
1804 2293 1843 2298 —
1862 2276 1887 2307 I.
1910 2285 1939 2307 e.
1961 2285 2005 2307 m.
2026 2276 2197 2316 archiep.o
2213 2277 2275 2308 To-

675 2329 793 2360 losano
810 2330 842 2360 et
855 2337 931 2368 ep.o
950 2329 1143 2366 Vasatensi‚
1162 2338 1199 2361 30
1216 2328 1329 2360 abbati
1347 2330 1492 2361 monast.
1514 2338 1542 2360 s.
1560 2329 1723 2367 Thiberii,
1741 2329 1906 2369 Agathen.
1924 2330 1970 2360 di.
1989 2329 2040 2370 (A.
2061 2331 2111 2366 19,
2128 2329 2151 2360 f.
2170 2331 2228 2361 319
2245 2329 2275 2367 ὓς

682 2382 715 2412 V.
732 2383 783 2418 75,
799 2391 851 2421 ep.
873 2383 978 2420 1345.)

724 2432 857 2464 17910.
879 2453 916 2458 -
936 2435 1099 2466 Bernara'o
1124 2435 1220 2474 Viam,
1237 2436 1360 2467 rectori
1375 2435 1509 2476 paroch.
1528 2436 1608 2467 eccl.
1628 2436 1668 2467 de
1684 2435 1905 2473 Castanhaco,
1923 2436 2043 2468 Riven.
2060 2436 2120 2474 di.,
2140 2435 2276 2468 collatio

675 2497 793 2520 canon.
813 2489 893 2520 eccl.
909 2489 1137 2520 Conseranen.
1155 2489 1190 2520 in
1204 2498 1280 2530 qua,
1299 2489 1378 2520 licet
1390 2489 1434 2520 sit
1448 2491 1561 2520 certus
1577 2498 1648 2521 can.
1666 2498 1829 2520 numerus
1843 2489 1961 2529 praeb„
1975 2489 2149 2521 distinctio
2162 2490 2277 2521 tamen

675 2551 742 2573 non
766 2541 921 2573 habetur.
946 2561 984 2565 —-
1009 2543 1036 2573 I.
1054 2551 1082 2574 0,
1108 2551 1153 2574 m.
1173 2543 1344 2582 archiep.o
1362 2543 1543 2580 Tolosano,
1568 2544 1600 2574 et
1623 2542 1909 2576 Montisalbanen.
1932 2552 1970 2574 30
1991 2544 2152 2575 Vasaten.
2176 2542 2276 2583 ep.is.

677 2595 729 2634 (A.
748 2597 798 2633 19,
818 2595 840 2627 f.
860 2597 919 2627 244
937 2601 966 2633 ⁸;
990 2595 1022 2626 V.
1038 2597 1088 2631 75,
1105 2604 1158 2636 ep.
1178 2597 1283 2636 1361.)

722 2646 857 2678 17911.
875 2667 914 2671 —
931 2649 1050 2690 Aquen.
1070 2653 1099 2679 ec
1121 2649 1311 2680 Avenionen.
1332 2659 1444 2690 praep„
1465 2659 1500 2679 ac
1519 2649 1681 2681 Guillelmo
1699 2649 1735 2680 de
1755 2649 1927 2687 θοηοοεεὶο,
1946 2659 2014 2680 can.
2037 2649 2136 2690 ejusd.
2156 2649 2275 2691 Aquen.

676 2701 761 2738 eccl„
786 2702 899 2733 mand.
920 2704 956 2733 ut
973 2702 1166 2734 Raimundo
1187 2703 1353 2740 GanterH,
1375 2702 1488 2742 presb.
1509 2703 1641 2743 Aquen.
1661 2702 1720 2741 di.,
1738 2703 1912 2734 conferant
1929 2711 2024 2743 perp.
2043 2703 2206 2734 vicariam
2220 2711 2278 2743 pa·

676 2755 767 2786 roch.
784 2755 864 2786 eccl.
885 2756 926 2787 de
946 2755 1113 2794 Robiono,
1132 2756 1336 2793 Cavallicem
1354 2756 1414 2794 di.,
1434 2765 1537 2796 quam
1562 2756 1616 2787 die
1643 2755 1757 2788 obitus
1781 2756 1902 2788 Romei
1926 2756 1966 2787 de
1985 2756 2168 2788 Rotilhono
2184 2755 2278 2795 Papa

677 2808 835 2848 disposit.
857 2818 927 2840 suae
943 2809 1140 2845 reservavit,
1160 2809 1239 2841 licet
1255 2819 1357 2841 unam
1375 2818 1392 2841 e
1409 2809 1528 2850 capell.
1553 2810 1727 2850 perpetuis
1749 2810 1791 2840 ad
1808 2809 1995 2849 capitulum
2012 2810 2144 2849 Aquen.
2161 2808 2273 2840 collat.

678 2861 911 2900 spectantibus
927 2862 1017 2893 idem
1035 2862 1250 2894 Raimundus
1267 2861 1451 2903 exspectet.
1471 2863 1523 2903 (A.
1541 2864 1590 2902 19,
1609 2862 1630 2893 f.
1647 2864 1703 2894 291
1721 2867 1749 2898 ⁸3
1773 2862 1804 2892 V.
1822 2864 1873 2897 75,
1892 2871 1943 2902 ep.
1963 2863 2067 2900 1385.)

707 2975 728 2999 1.
751 2975 819 3007 Reg.
838 2976 902 3001 Vat.
918 2985 949 3000 ε.-
965 2976 1062 3002 idibus
1077 2977 1202 3009 augusti.
