2592 3528
194 402 297 428 Datum
322 394 506 429 Avenione.

169 507 205 535 10
226 510 267 542 (iv
287 505 339 538 id.)
354 505 421 539 jan.
444 503 532 532 1322.

285 550 316 577 T.
337 549 407 577 XVI.

304 722 341 750 Ut
361 730 385 749 s.

167 1049 201 1075 Η
221 1049 268 1082 (111
290 1045 344 1080 id.)
358 1045 424 1080 J'an.
444 1044 533 1072 ¹322.

291 1091 322 1118 T.
340 1090 396 1118 XX.

307 1211 343 1239 Ut
363 1220 386 1239 s.

239 1257 285 1284 Gr.
302 1265 353 1292 pro
373 1255 462 1283 socio.

308 1429 344 1457 Ut
360 1437 383 1456 s.

255 1474 286 1501 T.
303 1474 349 1508 XI,
364 1473 436 1501 xnl.

307 1647 344 1675 Ut
362 1656 385 1674 s.

255 1692 286 1719 T.
305 1692 351 1725 XI,
367 1692 439 1719 XIII.

0 1581 11 1654 ’ὲ

0 1645 12 1695 i

310 1867 346 1895 Ut.
366 1876 389 1894 s.

311 2085 347 2113 Ut
363 2093 386 2112 s.

297 2130 327 2157 T.
345 2130 401 2157 XX.

311 2409 346 2437 Ut
366 2418 390 2437 0.

315 2678 354 2706 Ut
372 2687 396 2706 s.

273 2723 305 2750 T.
322 2723 355 2757 X,
374 2723 432 2750 XII.

150 1915 154 1919 ·
215 1911 247 1940 T.
264 1911 287 1939 x
304 1912 350 1946 ηε,
366 1911 416 1940 -xn
433 1911 479 1947 ¹12.

566 308 739 340 JOANNIS
763 308 881 338 PAPAE
903 308 1005 338 XXII.
1029 308 1277 348 (1316-1334).
1301 327 1339 353 ἡ
1362 308 1548 339 LITTERAE
1571 309 1795 341 COMMUNES
2151 316 2191 346 49

636 499 771 532 14934.
793 519 832 524 ——
847 501 924 532 Eid.
945 502 1164 533 remittuntur
1180 501 1331 541 pecuniae
1349 501 1390 532 ab
1405 503 1485 533 0001.
1505 505 1537 533 01
1551 512 1640 542 pers
1664 505 1853 537 ecclesiast.
1871 515 1930 545 per
1947 507 2037 538 viam
2051 509 2191 547 Justitiae

589 557 715 587 exactae
747 555 788 586 ab
819 555 894 595 ipso
924 555 1005 586 dum
1033 554 1152 586 Jacobi
1188 555 1298 594 ipsius
1334 555 1499 594 genitoris
1530 557 1760 595 procuratoris
1791 558 1845 589 off.
1878 559 2085 599 fungeretur,
2116 570 2192 592 cum

589 609 728 640 licentia
745 608 966 639 conveniendi
982 607 1141 639 cumillis
1157 617 1176 638 a
1194 607 1318 647 quibus
1331 608 1415 639 istas
1431 609 1593 648 pecunias
1612 610 1736 649 injuste
1749 611 1886 650 recepIt.
1903 612 1956 652 (A.
1978 615 2026 651 16,
2044 614 2066 644 f.
2085 616 2144 645 325
2157 614 2190 650 1>;

544 667 547 670 ’
595 662 631 694 V.
651 664 700 700 73,
719 670 771 702 ep.
788 661 875 702 630.)

636 717 772 750 14935.
788 737 827 742 -
841 719 963 750 Collat.
974 719 1055 750 eccl.
1071 718 1111 750 de
1125 719 1351 759 Perranceyo‚
1367 719 1553 759 Lingonen.
1571 720 1630 757 di.,
1648 729 1708 759 per
1717 720 1798 752 obit.
1813 722 2045 760 Martinivac.,
2064 723 2193 754 Peri-ino

592 772 629 803 de
647 772 851 803 Fontisvenna
869 772 1003 803 nullum
1018 771 1129 803 benef.
1149 773 1317 808 assecuto,
1344 781 1421 803 cum
1444 773 1546 812 capit.
1577 773 1777 813 Lingonen.,
1795 774 1837 805 ad
1853 784 1997 814 quorum
2012 779 2194 815 praesenta-

589 827 717 857 tionem
733 826 806 858 ead.
825 826 905 857 eccl.
923 825 1048 857 dicitur
1063 825 1244 865 pertinere,
1261 834 1337 864 ep.o
1353 825 1552 865 Lingonen.‚
1567 827 1607 857 ad
1624 835 1723 866 quem
1741 828 1910 859 institutio
1928 829 2068 860 rectoris
2084 829 2192 869 ejusd.

589 879 668 911 eccl.
685 881 838 919 spectare
853 879 989 916 (1101101,
1005 879 1154 910 nondum
1171 887 1260 918 pers.
1277 879 1427 918 aliquam
1443 879 1485 910 ad
1499 879 1608 910 eamd.
1622 880 1703 911 0001.
1716 881 1996 920 praesentaverint
2010 899 2043 904 —
2059 882 2084 913 I.
2100 891 2128 914 e.
2146 892 2192 914 m.

590 932 666 964 abb.
685 933 829 964 monast.
848 933 1056 970 Molismen.,
1075 931 1262 972 Lingonen.
1280 932 1340 969 di.,
1362 933 1395 963 01
1412 932 1518 972 priori
1545 942 1574 964 s.
1594 933 1764 965 Desiderii
1782 934 1984 974 Lingonen.,
2000 944 2038 966 ac
2055 935 2194 967 officiali

590 986 778 1026 Lingonen.
794 986 846 1027 (A.
868 987 916 1023 16,
937 985 960 1017 f.
978 987 1038 1017 405
1056 985 1086 1022 ὓς
1107 984 1141 1016 V.
1159 987 1210 1023 73,
1223 994 1275 1025 ep.
1293 985 1379 1024 682.)

638 1041 772 1074 14936.
791 1062 829 1067 -
848 1043 1048 1076 Reservatio
1071 1043 1290 1083 dispositioni
1315 1043 1348 1075 S.
1377 1043 1419 1074 Α.
1448 1043 1742 1075 archidiaconatus
1763 1045 2020 1077 Richemundiae
2050 1046 2085 1077 in
2112 1046 2193 1079 eccl.

591 1097 789 1135 Eboracen„
806 1106 867 1137 per
886 1098 1071 1128 consecrat.
1092 1097 1231 1137 Rogerii
1247 1097 1287 1128 de
1303 1096 1496 1132 Nuoborch,
1512 1097 1736 1129 Conventren.
1752 1099 1785 1130 et
1803 1098 2031 1131 Lichefelden.
2048 1100 2103 1135 el.,
2119 1109 2193 1140 pro-

590 1150 683 1182 xime
701 1150 863 1182 vacaturi.
882 1150 934 1190 (A.
951 1151 1002 1187 17,
1020 1150 1042 1180 f.
1059 1151 1114 1181 101
1134 1155 1165 1186 ²3
1194 1150 1229 1181 V.
1248 1151 1299 1187 73,
1316 1158 1368 1189 ep.
1389 1149 1472 1189 190.)

637 1205 770 1237 14937.
789 1225 826 1230 -
845 1208 966 1240 Collat.
982 1207 1189 1247 archipresb.
1206 1208 1247 1239 de
1259 1207 1428 1247 Tegratio,
1444 1208 1620 1239 Caturcen.
1636 1208 1694 1243 di.,
1708 1217 1768 1248 per
1779 1208 1861 1240 obit.
1875 1210 1970 1241 Petri
1982 1210 2022 1241 de
2036 1210 2194 1242 Cornelio

592 1262 680 1301 apud
698 1262 733 1294 S.
750 1261 792 1292 A.
811 1261 981 1293 mediante
1000 1261 1230 1292 reservatione
1248 1270 1333 1298 vac„
1353 1271 1433 1301 maq-
1452 1262 1546 1291 Petro
1569 1261 1605 1292 de
1622 1261 1787 1299 Mermaco,
1809 1262 1910 1302 Papae
1927 1264 2145 1303 regestratori
2162 1265 2196 1296 et

591 1315 699 1346 famil.
720 1331 758 1336 —
772 1315 798 1346 Ι.
816 1323 844 1346 0.
863 1323 909 1346 m.
924 1323 1000 1354 ep.0
1015 1314 1243 1351 Lemovicen.,
1261 1315 1293 1345 et
1309 1314 1436 1345 archid.
1456 1314 1642 1354 Figiacen.,
1668 1323 1706 1346 ac
1723 1315 1896 1347 Bernardo
1914 1316 1954 1348 de
1969 1316 2193 1354 Lhivernone‚

591 1377 664 1400 can.
684 1368 765 1400 0001.
783 1368 960 1400 Caturcen.
981 1368 1034 1406 (A.
1051 1369 1100 1403 16,
1119 1367 1142 1399 f.
1162 1369 1220 1399 189
1235 1372 1264 1403 ·;
1288 1368 1323 1399 V.
1343 1369 1393 1405 73,
1411 1376 1462 1408 ep.
1481 1369 1565 1406 328.)

639 1422 774 1459 14938.
792 1444 831 1449 —
850 1426 972 1458 Collat.
988 1434 1106 1457 canon.
1127 1425 1190 1456 sub
1206 1434 1302 1465 exsp.
1320 1425 1424 1465 praeb.
1440 1426 1520 1457 0001.
1537 1426 1732 1458 Narbonen.
1750 1437 1829 1466 maq.
1850 1428 1943 1458 Petro
1969 1427 2005 1459 de
2021 1428 2195 1470 Capitesta-

589 1489 660 1520 qne,
681 1479 811 1510 medico
833 1481 866 1510 et
882 1479 988 1510 famil.
1006 1479 1146 1510 Joannae
1159 1479 1201 1510 R.
1218 1479 1255 1510 F.
1274 1479 1433 1518 supplic.,
1451 1479 1574 1510 rectori
1589 1480 1669 1511 eccl.
1687 1480 1822 1519 paroch.
1837 1482 1878 1512 de
1893 1481 2074 1520 Leheiano,
2091 1483 2195 1514 Auxi-

590 1533 659 1563 tan.
678 1532 723 1563 di.
746 1550 785 1555 —
802 1533 828 1563 Ι.
844 1541 873 1564 0.
895 1541 940 1563 m.
959 1532 1036 1563 abb.
1055 1533 1201 1563 monast.
1220 1541 1246 1562 s.
1267 1532 1366 1563 Pauli
1381 1532 1588 1570 Narbonem,
1603 1535 1635 1564 01
1652 1533 1776 1564 Joanni
1794 1534 1835 1565 de
1847 1534 2046 1574 ArgeleriiS‚
2066 1536 2191 1567 archid.

590 1586 790 1625 Lingonen„
809 1594 847 1616 ac
863 1594 950 1625 mag.
968 1586 1069 1617 Petro
1085 1585 1253 1625 Hugonis‚
1268 1594 1340 1616 can.
1358 1586 1497 1616 Trecen.
1516 1585 1596 1617 eccl.
1614 1586 1667 1626 (A.
1682 1588 1731 1624 16,
1751 1587 1773 1617 f.
1791 1588 1847 1618 191
1865 1592 1893 1623 ²3
1918 1587 1952 1618 V.
1966 1590 2016 1624 73,
2035 1597 2086 1628 ep.
2107 1590 2192 1629 342.)

638 1640 773 1673 14939.
791 1661 829 1665 -
843 1643 963 1675 Collat.
981 1643 1116 1682 paroch.
1135 1643 1216 1674 0001.
1230 1643 1270 1673 (10
1286 1642 1584 1680 Villasiccalanda,
1596 1644 1838 1676 Carcassonen.
1858 1645 1916 1682 di.,
1931 1653 1991 1685 per
2008 1645 2088 1677 obit.
2101 1647 2194 1678 Guil-

590 1697 684 1728 lelmi
702 1697 770 1737 ep.i
788 1696 990 1728 Praenestin.
1004 1696 1093 1736 apud
1108 1696 1141 1728 S.
1157 1697 1199 1727 A.
1216 1696 1367 1727 defuncti
1382 1705 1466 1732 vac„
1487 1697 1580 1727 Petro
1595 1697 1631 1727 de
1646 1697 1819 1735 Scruchols,
1836 1707 1912 1729 cum
1932 1698 2082 1738 dispens.
2102 1708 2121 1730 a
2139 1709 2196 1740 ge-

590 1750 699 1782 nerali
716 1750 857 1782 concilio
875 1759 977 1790 super
991 1750 1124 1781 defectu
1137 1750 1246 1781 aetatis
1260 1750 1315 1790 (20
1330 1749 1448 1790 an.)-
1468 1750 1494 1781 I.
1511 1759 1538 1781 e.
1555 1759 1600 1781 m.
1619 1751 1834 1782 Lemovicen.
1850 1753 1884 1782 01
1899 1752 2077 1784 Caturcen.
2095 1754 2193 1792 epis,

591 1813 628 1835 ac
644 1804 823 1836 Ramundo
841 1803 989 1842 Benerii‚
1007 1812 1079 1835 can.
1102 1802 1353 1835 Claromonten.
1372 1803 1452 1835 eccl.
1474 1804 1527 1844 (A.
1546 1806 1594 1839 16,
1614 1804 1637 1835 f.
1656 1805 1714 1836 263
1732 1810 1759 1840 ³3
1785 1804 1817 1835 V.
1833 1806 1884 1842 73,
1902 1814 1954 1844 ep.
1973 1806 2058 1844 344.)

637 1859 773 1892 14940.
788 1880 827 1884 -
844 1862 965 1894 Collat.
982 1861 1162 1893 archidiac.
1179 1861 1219 1892 de
1237 1870 1264 1892 s.
1283 1861 1455 1892 Antonino
1472 1861 1507 1892 in
1523 1862 1604 1893 eccl.
1623 1862 1826 1899 Ruthenen„
1843 1863 1896 1893 001
1911 1871 2029 1895 canon.
2044 1866 2076 1896 et
2091 1864 2192 1903 praeb.

591 1917 671 1947 sunt
689 1915 825 1952 annexi,
844 1924 904 1955 per
920 1915 1104 1946 consecrat.
1120 1914 1215 1946 Petri
1229 1914 1298 1954 ep.i
1315 1914 1504 1946 Ruthenen.
1517 1923 1603 1952 vac„
1620 1915 1805 1955 Berenqario
1817 1915 1852 1946 de
1867 1916 2023 1954 Barreria,
2037 1917 2095 1957 qui
2108 1917 2194 1948 alios

591 1977 708 2000 canon.
724 1970 757 2000 et
771 1968 874 2008 praeb.
894 1968 1002 2008 eJusd.
1024 1967 1104 2000 eccl.
1123 1967 1247 1999 dimitt.
1265 1968 1413 1999 tenetur.
1426 1985 1463 1990 —
1476 1968 1504 1999 Ι.
1519 1976 1548 1999 0.
1566 1977 1612 1999 m.
1630 1969 1801 2008 archiep.o
1817 1969 2004 2006 Arelaten„
2025 1972 2057 2001 et
2071 1971 2193 2002 Joanni

592 2022 846 2061 Labaehalaria,
867 2030 939 2053 can.
959 2030 998 2053 ac
1020 2021 1159 2053 officiali
1178 2021 1369 2052 Ruthenen.
1389 2021 1468 2052 eccl.
1489 2020 1540 2058 (A.
1557 2023 1606 2057 16,
1621 2021 1643 2052 f.
1661 2023 1721 2053 352
1738 2021 1767 2057 ὓς
1792 2022 1828 2052 V.
1849 2024 1899 2058 73,
1917 2031 1970 2062 ep.
1987 2024 2073 2062 514.)

638 2077 773 2109 14941.
793 2097 829 2102 -
844 2079 967 2110 Decano
980 2079 1182 2114 Lemovicen.,
1198 2084 1226 2109 ec
1241 2078 1374 2115 archid„
1391 2088 1428 2108 ac
1441 2078 1558 2108 loanni
1575 2078 1834 2120 Labaclzalayria‚
1847 2090 1914 2110 can.
1926 2080 2095 2111 Rutkenen.
2108 2080 2194 2118 0001.,

593 2134 706 2165 mand.
724 2135 760 2164 ut
777 2133 952 2164 conferant
968 2141 1087 2164 canon.
1105 2133 1138 2163 et
1155 2131 1259 2172 praeb.
1277 2132 1358 2163 eccl.
1385 2131 1574 2163 Ruthenen.
1601 2141 1660 2171 per
1682 2133 1930 2164 assecutionem
1950 2142 1969 2164 a
1989 2134 2195 2174 Berengario

594 2187 634 2218 de
658 2186 815 2218 Bari-oria
831 2186 1020 2217 faciendam
1042 2185 1083 2217 de
1100 2185 1280 2216 archidiac.
1302 2185 1343 2216 (10
1366 2194 1394 2216 s.
1415 2185 1587 2216 Antonino
1604 2185 1639 2216 in
1653 2185 1804 2225 -praefata
1823 2186 1904 2217 eccl.
1928 2186 1963 2217 in
1985 2186 2081 2218 brevi
2103 2196 2196 2218 vaca-

593 2242 701 2278 turos,
726 2239 910 2271 Ademario
934 2239 974 2270 de
996 2238 1188 2276 Bellosorti,
1212 2247 1284 2269 can.
1302 2238 1519 2269 Lemovicen.
1534 2238 1597 2269 sub
1615 2247 1710 2278 exsp.
1729 2238 1844 2278 praeb„
1868 2241 1901 2270 et
1921 2240 2042 2271 rectori
2060 2241 2192 2279 paroch.

594 2293 675 2325 eccl.
695 2293 735 2324 de
748 2293 918 2332 Cayssaco
934 2293 966 2323 et
984 2291 1122 2331 capellae
1138 2291 1178 2323 (10
1193 2291 1278 2323 Ρ110
1289 2300 1317 2322 s.
1333 2300 1376 2329 c.,
1388 2291 1603 2323 Lemovicen.
1622 2293 1654 2322 01
1670 2292 1837 2323 'satellem
1853 2292 1899 2323 di.
1912 2293 1966 2332 (A.
1983 2295 2030 2330 16,
2048 2293 2068 2323 f.
2089 2295 2144 2324 32¹
2165 2293 2194 2331 ὓς

599 2347 631 2377 V.
653 2348 703 2382 73,
721 2355 772 2386 ep.
792 2345 877 2384 613.)

640 2401 774 2433 14942.
796 2422 834 2427 -—
851 2403 1008 2444 Stephano
1021 2403 1057 2433 de
1074 2402 1230 2434 Mulceone
1247 2402 1359 2434 collat.
1377 2411 1495 2433 canon.
1511 2404 1544 2434 et
1555 2402 1657 2442 praeb.
1675 2403 1755 2433 0001.
1772 2403 1956 2438 Brivaten„
1975 2412 2001 2434 s.
2024 2404 2119 2435 Flori
2135 2405 2194 2441 di.,

594 2468 666 2490 vac.
686 2467 746 2498 per
764 2459 950 2489 consecrat.
974 2456 1069 2488 Petri
1084 2456 1152 2496 ep.i
1170 2456 1360 2488 Ruthenen.
1374 2466 1383 2492 ;
1396 2465 1464 2487 non
1479 2455 1566 2487 obst.
1581 2456 1671 2495 quod
1688 2465 1791 2496 super
1807 2465 1924 2487 canon.
1942 2458 1975 2488 01
1990 2457 2092 2496 praeb.
2113 2458 2193 2489 eccl.

593 2513 698 2545 Novae
714 2513 751 2543 B.
770 2511 814 2543 M.
833 2511 874 2542 de
890 2510 1030 2550 Capella
1047 2509 1216 2546 Talhafer,
1237 2509 1451 2541 Lemovicen.
1472 2509 1531 2547 di.,
1547 2509 1669 2549 litiget.
1688 2525 1725 2530 —
1739 2509 1765 2540 I.
1787 2518 1816 2541 e.
1835 2518 1879 2540 m.
1897 2509 1972 2541 abb.
1993 2512 2139 2542 monast.
2154 2511 2195 2542 de

595 2565 766 2600 Esbrolio,
783 2564 1035 2596 claromonten.
1062 2563 1121 2601 di.,
1144 2564 1177 2594 et
1201 2564 1289 2594 cant.
1313 2562 1579 2600 claromonten„
1607 2571 1645 2594 ac
1665 2571 1751 2603 mag.
1777 2563 1945 2594 Ademaro
1962 2563 2104 2595 Roberti
2122 2573 2194 2595 can.

594 2618 826 2652 constantien.
844 2617 926 2649 eccl.
943 2617 995 2658 (A.
1013 2619 1062 2651 16.
1079 2616 1102 2648 f.
1120 2618 1180 2648 397
1197 2616 1210 2637 1‘
1226 2618 1258 2648 et
1273 2616 1332 2648 397
1348 2622 1361 2637 ἃ
1377 2617 1405 2653 ¹3
1428 2615 1461 2647 V.
1478 2618 1527 2653 73,
1544 2624 1596 2655 ep.
1615 2617 1700 2655 638.)

641 2673 777 2706 14943.
798 2693 836 2698 -
851 2675 972 2707 Collat.
991 2674 1200 2706 decimarum
1227 2674 1267 2705 de
1291 2674 1481 2711 Fenairols,
1509 2673 1701 2705 Ruthenen.
1731 2674 1790 2710 di.,
1814 2673 1893 2705 cler.
1915 2675 2029 2706 saecul.
2049 2675 2084 2705 in
2099 2683 2194 2715 perp.

595 2729 706 2762 benef.
723 2729 892 2769 assignari
913 2729 1165 2765 consuetarum,
1186 2736 1247 2767 per
1274 2728 1459 2759 consecrat.
1488 2727 1581 2758 Petri
1605 2727 1672 2767 ep.i
1695 2726 1885 2759 Ruthenen.
1908 2736 1994 2764 vac„
2014 2727 2145 2758 Geraldo
2162 2728 2197 2758 de

595 2783 759 2820 Ferreriis,
775 2782 899 2814 rectori
911 2782 991 2813 eccl.
1010 2781 1050 2813 (10
1064 2782 1252 2818 Busencxs,
1267 2781 1364 2812 dletae
1380 2780 1427 2811 di.
1439 2797 1477 2802 —
1491 2780 1517 2811 Ι.
1531 2789 1560 2811 0.
1573 2789 1618 2811 10.
1631 2780 1756 2811 decano
1770 2780 1999 2817 Lemovicen.,
2011 2782 2043 2811 et
2058 2781 2197 2820 archid„

596 2845 634 2868 ac
649 2835 772 2868 Joanni
787 2835 820 2867 la
833 2835 1067 2874 Bachalayria,
1083 2843 1156 2865 can.
1174 2834 1365 2865 Ruthenen.
1387 2833 1467 2864 eccl.
1486 2833 1539 2873 (A.
1559 2835 1608 2870 16,
1627 2833 1649 2864 f.
1665 2834 1725 2864 407
1743 2838 1773 2870 3;
1800 2832 1832 2863 V.
1854 2835 1903 2871 73,
1924 2841 1975 2872 ep.
1992 2835 2078 2872 698.)

630 2956 653 2982 1.
673 2955 743 2981 Cum
757 2954 922 2980 executoria
937 2941 1276 2985 praeeessisset'litteram
1302 2952 1413 2983 graliae,
1435 2951 1463 2976 in
1489 2951 1618 2982 margine
1641 2951 1781 2982 scriptum
1799 2953 1842 2976 est
1858 2959 1863 2976 :
1883 2961 1893 2974 ι
1912 2951 2032 2977 Attende
2048 2953 2122 2984 quod
2141 2953 2198 2978 ista

598 3001 641 3025 est
657 2998 822 3024 executoria
838 2998 931 3030 gratie
947 2997 1151 3029 subsequentifl
1168 2998 1195 3021 et
1211 2996 1267 3021 fuit
1285 2996 1395 3028 scripta
1411 2995 1562 3020 ahrexiata
1579 3002 1642 3020 cum
1660 3001 1703 3019 ea.
1721 3004 1732 3018 »

314 3045 459 3074 JOANNIS
478 3045 561 3073 xxu.
579 3061 614 3066 -
634 3045 664 3072 T.
684 3044 729 3071 IV.
2041 3041 2056 3066 7
