2592 3528
317 347 376 377 342

350 435 454 462 Datum
476 428 661 463 Avenione.

389 645 429 672 20
449 644 507 672 dec.
528 643 618 672 1322.

390 693 456 726 (xm
471 689 529 717 kal.
543 688 619 725 jan.)

463 751 499 779 Ut
519 759 544 778 s.

466 965 500 991 L't
517 972 541 991 s.

343 1018 361 1046 5
381 1017 474 1054 (non.)
487 1017 553 1051 jan.
575 1015 663 1044 1323.

345 1233 363 1261 8
379 1233 421 1268 (V1
437 1231 490 1263 id.)
504 1231 558 1266 feb.
577 1230 663 1258 1323.

355 1392 392 1420 13
409 1391 474 1427 (id.)
494 1390 655 1425 feb.1323.

380 1498 415 1526 17
434 1502 518 1527 mart.
539 1497 627 1525 1323.

387 1544 451 1579 (xV1
466 1543 526 1572 kal.
543 1543 620 1578 apr.)

354 1714 367 1739 Ι
385 1711 469 1747 (kal.)
483 1719 544 1747 apr.
563 1710 652 1738 1323.

339 1873 357 1900 9
375 1875 404 1907 (v
421 1871 476 1906 id.)
492 1879 555 1906 apr.
576 1870 664 1898 1323.

464 2138 498 2166 Ut
516 2147 539 2165 s.

462 2352 498 2380 Ut
518 2360 542 2380 s.

463 2566 498 2594 Ut
519 2574 542 2595 s.

466 2725 501 2754 Ut
517 2734 540 2753 s.

464 2885 499 2913 Ut
519 2893 542 2913 s.

466 2993 502 3021 Ut
522 3001 546 3021 ε.

727 341 902 373 JOANNIS
925 342 1044 373 PAPAE
1066 342 1168 373 xxu.
1194 342 1440 382 (1816-1884).
1463 360 1503 365 —
1525 342 1712 374 LITTERAE
1736 342 1787 373 DE
1809 342 1934 374 CURlA

747 534 801 566 vel
820 543 862 566 ex
882 533 1082 565 vulneribus
1105 533 1191 565 mori
1214 533 1405 574 contigerit,
1426 542 1518 565 conc.
1537 534 1578 565 ad
1598 533 1871 574 quinquennium
1889 534 2019 575 indulg.
2039 543 2114 575 quae
2135 534 2350 576 proficiscen-

747 587 840 619 tibus
857 588 893 619 in
910 589 1007 620 terrae
1024 589 1148 619 sanctae
1167 587 1358 619 subsidium
1378 596 1438 627 per
1450 588 1483 619 S.
1500 589 1540 619 A.
1559 587 1697 619 concedi
1716 588 1906 620 consuevit.
1925 587 1979 627 (V.
1997 590 2048 626 74,
2066 597 2120 629 ep.
2141 591 2171 626 7,
2186 589 2221 620 de
2239 588 2355 630 curia.)

794 638 929 671 18090.
946 659 987 664 -
1007 641 1098 672 Univ.
1126 640 1243 672 Christi
1262 640 1404 680 fidelibus
1423 646 1589 681 praesentes
1605 639 1724 671 litteras
1740 641 1928 682 inspecturis
1947 641 2134 674 hortatoria
2150 643 2188 674 ut
2201 642 2353 682 praefatis

748 695 862 735 regnis
880 696 1090 727 succurrant.
1110 695 1163 733 (V.
1179 697 1229 731 74,
1244 703 1297 734 ep.
1313 696 1343 732 8,
1360 694 1396 725 de
1413 695 1527 733 curia.)

794 745 932 778 18091.
956 766 994 771 -
1014 748 1102 779 Univ.
1123 748 1239 779 Christi
1255 746 1397 788 fidelibus
1411 757 1471 788 per
1495 757 1620 788 reqnum
1638 747 1793 777 Armeniae
1810 747 1995 786 constitutis,
2017 748 2075 788 qui
2092 748 2127 780 in
2144 757 2206 780 seu
2224 757 2266 780 ex
2280 757 2352 780 cer-

747 802 875 833 tamine
894 803 1011 833 contra
1027 802 1185 832 inimicos
1200 801 1393 832 christianae
1410 801 1488 832 fidei
1505 801 1665 840 spiritum
1681 801 1905 838 exalaverint‚
1922 801 1983 832 illa
1997 809 2089 833 conc.
2106 801 2261 842 plenaria
2277 810 2351 842 pec-

747 856 899 887 catorum
915 855 1015 886 venia
1033 863 1107 894 quae
1125 854 1262 886 concedi
1279 853 1573 893 proficiscentibus
1590 853 1624 884 in
1639 855 1737 885 terrae
1753 855 1877 885 sanctae
1889 853 2082 886 subsidium
2095 863 2156 895 per
2168 855 2202 887 S.
2218 855 2259 887 A.
2277 863 2355 887 con·

748 909 869 940 suevit.
888 908 944 945 (V.
961 909 1010 944 74,
1025 917 1077 947 ep.
1094 910 1124 945 9,
1147 907 1182 939 de
1195 908 1311 946 curia.)

794 958 930 990 18092.
947 979 983 983 -
999 961 1126 991 Eisdem
1142 963 1179 992 ut
1195 969 1311 1000 supra,
1330 969 1361 991 n.
1380 960 1492 992 18090.
1510 959 1562 999 (V.
1581 962 1631 997 74,
1647 969 1701 1000 ep.
1720 962 1770 998 10,
1788 960 1825 991 de
1841 961 1953 1000 curia.)

794 1012 931 1044 18093.
950 1032 987 1037 -
1002 1014 1096 1045 Petro
1113 1013 1149 1045 de
1165 1014 1306 1050 Perusia,
1322 1013 1356 1045 O.
1373 1013 1408 1045 F.
1426 1013 1483 1051 M.,
1500 1014 1697 1054 inquisitori
1711 1013 1877 1046 haereticae
1890 1014 2071 1054 pravitatis
2088 1015 2123 1046 in
2137 1015 2259 1046 ducatu
2275 1014 2355 1055 Spo-

746 1069 848 1100 letan.
863 1070 895 1100 et
916 1068 995 1099 aliis
1014 1068 1268 1099 circumvicinis
1284 1067 1452 1108 partibus,
1480 1076 1571 1099 conc.
1589 1069 1629 1099 ut
1643 1067 1685 1098 ab
1702 1067 1897 1108 hujusmodi
1914 1067 2027 1100 officio
2044 1068 2195 1100 amoveri
2209 1069 2356 1108 nequeat

747 1122 815 1153 nisi
831 1122 872 1153 de
890 1122 1049 1153 mandato
1071 1122 1111 1152 A.
1128 1122 1161 1152 S.
1184 1121 1337 1161 speciali.
1362 1121 1417 1162 (V.
1438 1123 1488 1158 74,
1506 1129 1558 1161 ep.
1577 1122 1629 1159 54,
1653 1120 1690 1152 de
1708 1121 1817 1160 curia;
1833 1121 1954 1159 Eubel,
1973 1132 2024 1163 op.
2042 1122 2109 1157 cit„
2129 1123 2153 1153 t.
2171 1122 2213 1160 V,
2232 1130 2265 1162 p.
2280 1122 2353 1160 247,

746 1185 779 1207 n.
797 1177 884 1214 487.)
1700 1184 1714 1197 ε

793 1226 930 1259 18094.
948 1248 986 1252 -
1005 1228 1056 1260 Ad
1071 1233 1253 1269 perpetuam
1276 1229 1321 1259 rei
1337 1228 1525 1260 memoriam.
1549 1229 1746 1260 Instituitur
1761 1229 1796 1260 in
1820 1229 1950 1270 capella
1971 1230 2010 1261 B.
2031 1228 2077 1260 M.
2098 1237 2205 1269 prope
2222 1230 2355 1270 portam

747 1283 917 1315 Aurosam
936 1283 970 1314 in
987 1283 1124 1314 civitate
1137 1282 1363 1314 Avinionensi
1382 1291 1471 1314 unus
1488 1282 1686 1322 capellanus
1702 1282 1756 1314 cui
1768 1283 1964 1323 assignatur
1979 1282 2042 1314 dos
2059 1290 2218 1323 congrua.
2233 1282 2286 1322 (A.
2303 1283 2353 1322 19,

747 1336 769 1367 f.
788 1338 846 1368 511
864 1342 892 1373 a;
917 1337 953 1367 V.
969 1338 1019 1374 74,
1037 1345 1089 1376 ep.
1108 1338 1148 1368 40
1165 1337 1205 1371 Α,
1223 1336 1258 1366 de
1270 1336 1378 1372 curia3
1403 1335 1435 1366 V.
1453 1337 1505 1374 82,
1524 1344 1577 1376 ep.
1596 1337 1615 1367 6
1630 1337 1671 1374 Α,
1690 1335 1727 1366 de
1743 1336 1849 1376 curia,·
1866 1335 1998 1374 Caulon,
2016 1344 2049 1367 n.
2067 1337 2172 1376 1598.)

794 1388 929 1420 18095.
949 1409 988 1414 —
1009 1389 1184 1431 Rostaynus
1207 1389 1321 1420 Davini
1333 1390 1553 1421 constituitur
1568 1390 1677 1421 rector
1697 1390 1837 1430 capellae
1851 1391 1889 1422 B.
1909 1390 1954 1421 M.
1975 1398 2080 1430 prope
2099 1391 2233 1429 portam
2249 1390 2354 1421 Auro·

747 1453 819 1475 sam
836 1445 871 1475 in
888 1444 1025 1475 civitate
1041 1444 1279 1476 Avinionensi.
1296 1443 1349 1484 (V.
1367 1444 1419 1480 82,
1437 1452 1489 1484 ep.
1506 1445 1537 1478 9,
1556 1443 1593 1474 de
1610 1444 1726 1483 curia.)

794 1495 929 1527 18098.
945 1514 983 1520 -—
1000 1497 1093 1528 Petro
1112 1498 1145 1527 in
1156 1497 1371 1538 patriarcham
1385 1496 1630 1529 Jerosolimican.
1649 1496 1687 1528 el.
1705 1497 1820 1528 mand.
1836 1498 1874 1528 ut
1886 1497 2075 1533 confirmet,
2091 1496 2122 1528 si
2141 1496 2210 1537 ipsi
2227 1496 2357 1528 videbi-

746 1553 813 1590 tur,
843 1551 1062 1583 donationem
1084 1561 1103 1582 a
1125 1551 1213 1582 Lino
1229 1559 1307 1591 rege
1331 1551 1559 1582 Armenorum
1577 1560 1611 1582 n.
1630 1560 1662 1582 v.
1679 1551 1818 1589 Casino,
1845 1550 1962 1582 comiti
1995 1549 2130 1588 Cui-chi,
2150 1551 2184 1582 et
2202 1550 2354 1588 Joannoe,

746 1606 896 1637 consorti
921 1605 1007 1645 eJus,
1024 1605 1148 1636 factam
1173 1605 1214 1636 de
1230 1606 1342 1636 castro
1360 1605 1400 1636 de
1416 1605 1573 1642 Balento,
1591 1605 1631 1636 de
1654 1613 1824 1636 consensu
1839 1605 1955 1636 tamen
1970 1613 2003 1635 n.
2021 1613 2052 1635 v,
2077 1603 2219 1636 Haitoni
2234 1603 2276 1635 de
2291 1603 2355 1636 Ne-

746 1659 843 1699 grino
859 1659 966 1698 bajuli
983 1660 1015 1690 et
1030 1659 1154 1690 tutoris
1176 1659 1242 1689 sui.
1260 1658 1314 1698 (A.
1336 1660 1386 1696 19,
1402 1658 1423 1689 f.
1442 1659 1503 1690 502
1520 1657 1550 1696 b;
1569 1658 1605 1690 V.
1622 1660 1674 1694 74,
1691 1667 1746 1698 ep.
1761 1660 1813 1693 24,
1830 1658 1868 1689 de
1882 1658 1994 1697 curia.)

792 1710 929 1742 18097.
951 1729 989 1735 --
1007 1712 1164 1743 Universis
1183 1711 1353 1753 archiep.is
1370 1716 1399 1742 et
1417 1712 1496 1752 epis
1507 1721 1567 1752 per
1580 1721 1706 1752 reqnum
1730 1711 1885 1742 Armeniae
1899 1710 2075 1742 constitutis
2092 1710 2205 1743 mand.
2222 1711 2260 1742 ut
2275 1710 2355 1742 sub-

745 1766 836 1797 ditos
853 1774 972 1797 eorum
996 1767 1155 1796 moneant
1178 1767 1211 1796 et
1235 1765 1398 1796 inducant
1418 1766 1587 1796 utcontra
1612 1765 1769 1796 infideles
1796 1765 1837 1796 ad
1853 1765 2086 1796 defensionem
2106 1764 2188 1796 dicti
2205 1763 2301 1804 regni
2318 1772 2355 1796 se

746 1820 929 1859 opponant.
946 1818 1000 1859 (A.
1017 1821 1067 1856 19,
1086 1819 1110 1850 f.
1128 1820 1189 1850 500
1204 1818 1233 1855 ὓ,
1256 1818 1293 1850 V.
1313 1820 1363 1854 74,
1383 1827 1435 1858 ep.
1454 1820 1503 1856 11,
1523 1818 1559 1848 de
1577 1818 1689 1857 caria.)

794 1869 927 1901 18098.
945 1889 984 1894 -
998 1872 1092 1902 Petro
1109 1873 1141 1902 in
1153 1872 1369 1913 patriarcham
1390 1871 1634 1903 Jerosolimitan.
1649 1872 1702 1909 el„
1720 1877 1748 1902 et
1767 1872 1933 1908 Aimerico,
1949 1881 2017 1912 ep.o
2038 1871 2195 1912 Paphen„
2211 1881 2247 1902 ac
2265 1871 2354 1902 Mau-

745 1926 819 1956 ritio
835 1925 871 1956 de
886 1925 952 1956 ord.
970 1925 1130 1966 hospitalis
1143 1936 1166 1958 s.
1183 1926 1316 1957 Joannis
1332 1925 1590 1963 Jerosolimitani‚
1609 1925 1768 1957 domorum
1781 1925 1882 1966 ejusd.
1900 1925 1967 1957 ord.
1982 1925 2016 1956 in
2032 1925 2175 1966 partibus
2188 1934 2355 1966 regnorum

747 1979 846 2021 Cypri
863 1984 891 2010 et
911 1979 1066 2010 Armeniae
1077 1979 1276 2020 praeceptori,
1296 1980 1407 2010 mand.
1426 1980 1462 2010 ut
1479 1981 1592 2019 partes
1610 1987 1726 2010 eorum
1740 1979 1960 2019 interponant
1976 1979 2018 2010 ad
2031 1978 2283 2010 reformandam
2297 1987 2355 2019 pa-

745 2042 817 2064 cem
845 2033 934 2064 inter
960 2033 1160 2070 Henricum‚
1188 2042 1302 2073 regem
1329 2032 1448 2073 Cypri,
1467 2035 1499 2064 et
1525 2033 1684 2071 Leonem,
1709 2041 1822 2073 regem
1842 2032 2024 2064 Armeniae.
2057 2032 2110 2072 (A.
2129 2034 2179 2068 19,
2197 2032 2220 2063 f.
2240 2033 2299 2064 501
2318 2031 2354 2071 ¹³3

750 2086 786 2118 V.
803 2088 855 2121 74,
872 2095 924 2126 ep.
942 2088 992 2122 12,
1013 2086 1050 2117 de
1067 2087 1179 2125 curia.)

792 2137 927 2168 18099.
952 2158 990 2162 -
1006 2139 1142 2170 Henrico
1164 2140 1233 2180 re9i
1258 2139 1357 2180 Cypri
1374 2148 1466 2171 conc.
1495 2142 1613 2171 utnon
1635 2139 1723 2171 obst.
1746 2139 1940 2179 juramento
1956 2139 1998 2171 de
2019 2139 2198 2179 seryandis
2214 2138 2355 2179 quibus—

745 2194 823 2224 dam
848 2193 1132 2225 conventionibus
1154 2193 1243 2225 inter
1259 2194 1372 2233 ipsum
1395 2195 1428 2224 et
1450 2193 1492 2224 cl.
1512 2202 1577 2225 me.
1599 2193 1763 2226 Ossinum
1787 2201 1902 2233 regem
1926 2192 2097 2224 Armeniae
2123 2192 2232 2230 initis,
2251 2201 2355 2233 super

745 2247 871 2287 quibus
889 2247 994 2278 dubia
1006 2249 1086 2278 sunt
1101 2248 1319 2287 postmodum
1334 2249 1464 2281 exorta.
1477 2247 1587 2287 possit
1602 2247 1637 2278 in
1654 2247 1800 2278 tractatu
1819 2255 1923 2286 super
1937 2246 1992 2277 his
2007 2246 2140 2286 incepto
2158 2246 2352 2286 procedere,

745 2302 777 2332 et
796 2301 921 2332 iterum
934 2300 1104 2332 inchoare.
1123 2301 1176 2340 (A.
1196 2302 1246 2338 19,
1265 2301 1288 2332 f.
1303 2302 1365 2332 499
1381 2300 1411 2338 ¹³;
1438 2300 1470 2332 V.
1489 2302 1539 2338 74,
1555 2309 1608 2341 ep.
1628 2301 1676 2338 16,
1692 2300 1728 2331 de
1743 2300 1859 2339 curia.)

793 2351 928 2383 18100.
947 2371 986 2376 —-
999 2354 1090 2384 Petro
1108 2355 1140 2384 in
1155 2354 1372 2396 patriarcham
1387 2353 1633 2385 Jerosolimitan.
1648 2353 1742 2384 electo
1759 2353 1987 2385 committitur
2001 2354 2038 2384 ut
2056 2352 2213 2384 absolvat
2230 2353 2354 2385 Henri-

745 2416 823 2438 cum
848 2415 959 2447 regem
983 2407 1088 2447 Cypri
1111 2408 1253 2448 ejusque
1273 2408 1438 2439 officiales
1453 2408 1494 2439 ab
1520 2416 1650 2441 excom.
1674 2408 1810 2438 incursa
1827 2415 1869 2438 ex
1886 2415 1925 2438 eo
1945 2407 2036 2447 quod
2053 2406 2264 2447 negligentes
2281 2406 2353 2438 fue-

746 2462 825 2492 runt
850 2461 891 2491 ad
909 2461 1159 2500 procedendum
1175 2463 1291 2493 contra
1308 2461 1464 2493 subditos
1482 2461 1540 2501 qui
1556 2469 1592 2492 se
1607 2461 1649 2493 ad
1663 2461 1737 2492 loca
1754 2460 1926 2501 prohibita
1944 2459 2208 2492 transferebant.
2226 2460 2280 2500 (A.
2300 2461 2350 2499 19,

746 2514 769 2546 f.
790 2515 850 2545 499
868 2513 899 2550 ¹³5
923 2513 956 2544 V.
976 2516 1026 2551 74,
1041 2523 1094 2554 ep.
1115 2517 1164 2552 17,
1179 2514 1215 2545 de
1234 2515 1346 2553 curia.)

793 2564 933 2597 18101.
950 2586 988 2590 -
1011 2567 1125 2598 Eidem
1141 2569 1255 2600 mand.
1275 2570 1312 2600 ut
1331 2568 1487 2600 absolvat
1510 2568 1696 2600 Henricum
1718 2576 1831 2607 regem
1851 2567 1957 2607 Cypri
1974 2566 2016 2598 ab
2038 2575 2183 2602 excom„
2202 2567 2232 2598 si
2249 2575 2351 2607 quam

746 2620 940 2659 incurrerit,
959 2621 1140 2653 detinendo
1159 2622 1301 2653 clericos
1324 2631 1384 2662 per
1407 2630 1549 2662 regnum
1572 2630 1672 2653 suum
1695 2622 1923 2658 transeuntes,
1943 2621 1977 2652 et
1993 2620 2126 2652 litteras
2142 2629 2202 2652 seu
2220 2620 2357 2664 ambas·-

746 2674 853 2705 siatas
872 2674 1072 2707 deferentes,
1089 2675 1145 2716 (V.
1163 2677 1214 2714 74,
1234 2684 1287 2715 ep.
1300 2677 1352 2713 20,
1367 2675 1404 2706 de
1420 2675 1533 2714 curia.)

793 2724 930 2757 18102.
949 2746 987 2750 —
1005 2727 1201 2759 Patriarchae
1228 2728 1479 2760 Jerosolimitano
1501 2732 1530 2759 et
1546 2738 1615 2769 eps)
1638 2727 1777 2769 Paphen.
1801 2727 1915 2759 mand.
1938 2729 1976 2759 ut
1990 2728 2152 2759 inducant
2169 2727 2211 2758 ad
2234 2735 2351 2767 pacem

746 2780 927 2820 praefatum
951 2790 1063 2821 regem
1087 2783 1120 2813 et
1144 2783 1360 2821 potestatem,
1379 2782 1556 2822 populum,
1576 2782 1748 2818 ansianos,
1762 2781 1945 2812 consilium
1960 2782 1993 2813 et
2008 2789 2187 2812 commune
2202 2781 2347 2812 Januen.

747 2833 797 2874 (V.
812 2835 861 2870 74,
878 2843 931 2874 ep.
949 2836 1001 2872 21,
1021 2834 1057 2865 de
1072 2835 1188 2875 curia.)

792 2884 929 2917 18103.
945 2906 984 2910 —
1001 2888 1129 2918 Eisdem
1144 2889 1258 2920 simile
1274 2889 1386 2920 mand.
1404 2898 1464 2928 pro
1482 2897 1562 2928 pace
1579 2889 1666 2920 inter
1682 2888 1794 2920 eumd.
1812 2897 1925 2928 regem
1938 2890 1971 2920 et
1982 2897 2070 2928 mag.
2085 2897 2123 2919 ac
2139 2888 2261 2919 fratres
2275 2887 2347 2919 ord.

746 2949 773 2971 s.
791 2941 935 2972 Joannis
951 2942 1235 2973 Jerosolimitani.
1258 2942 1310 2980 (Α.
1328 2943 1377 2978 19,
1395 2942 1417 2974 f.
1433 2943 1494 2974 502
1513 2947 1541 2979 ⁸;
1565 2942 1597 2973 V.
1616 2944 1665 2979 74,
1685 2951 1736 2982 ep.
1752 2943 1802 2979 22,
1818 2941 1856 2972 de
1874 2942 1988 2981 caria.)

793 2992 930 3025 18104.
956 3013 995 3018 -
1025 2995 1216 3026 Pal-riarchae
1236 2996 1488 3027 Jerosolimimno
1505 2996 1618 3027 mand.
1642 2998 1679 3027 ut
1697 2996 1834 3027 inducat
1850 2995 2030 3036 praefatum
2054 3004 2167 3035 regem
2189 2995 2230 3026 ad
2254 3003 2349 3026 resu-

746 3049 906 3079 mendum
933 3051 1112 3081 [iactatum
1135 3058 1237 3090 super
1265 3049 1546 3081 conventionibus
1569 3050 1608 3080 (le
1631 3049 1755 3089 quibus
1778 3049 1930 3088 loquitur
1951 3057 2054 3089 supra
2080 3050 2126 3088 (n.
2152 3047 2266 3088 18099)
2288 3057 2350 3088 pro
