2592 3528
239 480 343 507 Datum
360 475 546 508 Avenione.

235 581 252 609 5
269 583 360 616 (non.)
375 589 442 615 aua.
466 580 553 610 1323.

338 626 367 653 T.
391 625 447 653 XX.

353 794 389 822 Ut
409 802 432 821 s.

336 838 367 866 T.
385 839 440 866 XX.

356 1328 392 1355 Ut
410 1336 434 1354 s.

305 1372 335 1399 T.
356 1372 401 1406 XI,
417 1371 487 1399 XIII.

357 1647 393 1674 Ut
413 1655 438 1674 s,

304 1692 333 1719 T.
357 1691 403 1724 XI,
422 1691 494 1719 XIII.

360 1807 396 1835 Ut
414 1815 438 1835 S.

304 1852 334 1879 T.
355 1852 401 1886 xl,
421 1852 493 1879 XIII.

343 1966 399 2001 ,Ut
415 1975 440 1997 e.
488 1973 491 1976 ’

306 2012 337 2040 Τ.
360 2011 405 2044 XI,
424 2011 496 2039 XIII.

364 2127 400 2155 Ut
419 2136 443 2155 s.

315 2172 345 2199 T.
363 2172 409 2206 XI,
424 2173 495 2200 XIII.

368 2289 403 2317 Ut
421 2299 444 2317 s.

315 2333 345 2363 T.
363 2334 408 2366 XI,
425 2335 497 2367 xm.

369 2449 406 2477 Ut
421 2458 445 2477 s.

317 2493 348 2521 T.
363 2493 410 2528 XI,
424 2494 498 2524 XIII.

368 2609 406 2638 Ut
425 2618 449 2638 ε.

318 2653 349 2681 Τ.
366 2653 414 2688 xl,
428 2654 500 2683 XIII.

370 2821 406 2849 Ut
426 2831 451 2849 s.

356 2866 386 2893 T.
408 2866 464 2894 XX.

374 2981 411 3009 Ut
426 2989 450 3009 s.

320 3026 351 3054 T.
369 3025 415 3060 XI,
431 3026 503 3054 XIII.

601 389 775 421 JOANNIS
798 389 916 420 PAPAE
938 389 1040 419 XXII.
1064 390 1311 429 (1316-1334).
1336 407 1374 412 —
1396 389 1582 419 LITTERAE
1605 388 1830 420 COMMUNES
2174 387 2230 416 321

681 577 817 609 17881.
835 597 872 601 --
891 579 979 619 Ερ.ο
997 578 1141 609 Auriensi
1156 578 1268 609 mand.
1285 579 1322 609 ut
1334 578 1493 609 concedat
1511 578 1690 608 conventui
1707 578 1849 609 fratrum
1868 579 1906 610 O.
1923 579 1967 610 M.
1981 579 2021 610 de
2040 579 2152 610 Monte
2168 580 2233 611 Re-

634 632 697 672 gis,
717 641 787 663 suae
809 632 869 669 di.,
886 633 1034 663 instante
1058 641 1090 663 n.
1108 641 1140 662 v.
1158 631 1331 670 Philippo,
1349 631 1420 662 filio
1435 630 1547 662 Sancii
1566 631 1656 670 regis
1672 631 1840 668 CastelIae,
1857 631 2050 663 facultatem
2076 641 2111 662 se
2125 633 2234 663 trans-

634 685 766 716 ferendi
782 686 814 716 iu
832 686 988 720 Vianam,
1003 685 1193 716 Astoricen.
1209 685 1254 715 di.
1269 685 1323 725 (A.
1340 686 1389 721 19,
1406 684 1428 714 f.
1443 685 1502 716 398
1513 690 1540 720 ²3
1565 684 1599 715 V.
1617 685 1666 721 75,
1684 693 1736 723 ep.
1753 685 1846 720 1468,
1864 684 1983 722 Eubel,
2001 694 2052 722 op.
2070 686 2135 722 cit„
2152 687 2176 715 t.
2191 686 2232 722 V,

634 748 667 778 p.
685 741 755 775 252,
775 748 808 770 n.
827 739 913 778 506.)

682 790 818 822 17882.
833 811 871 815 --
891 792 996 822 Priori
1017 793 1151 831 fratrum
1171 792 1204 822 0.
1221 792 1259 822 P.
1276 791 1312 822 de
1342 790 1519 827 Valleoleli‚.
1538 791 1692 821 Palenlin.
1717 790 1772 826 di.,
1788 791 1901 821 mand.
1923 792 1959 822 ut
1973 791 2138 821 Joannem
2156 791 2236 822 Gar-

635 846 706 881 siae,
724 847 841 876 natum
861 846 1020 885 Stephani
1042 846 1172 877 Garsiae
1195 845 1282 882 mil.,
1302 845 1381 876 cler.
1404 845 1573 876 Palentin.
1594 845 1653 881 di.,
1672 844 1846 884 dispenset
1865 845 1901 875 ut
1926 844 1959 874 in
1983 843 2107 875 saeculo
2130 852 2236 874 rema-

636 907 716 930 nere
741 900 772 930 et
789 899 953 930 beneficia
978 908 1051 939 quae
1076 899 1205 930 obtinet
1227 899 1373 930 retinere
1398 898 1489 930 licite
1508 898 1629 935 valeat,
1652 907 1718 928 non
1747 897 1834 928 obst.
1854 897 1945 937 quod
1969 897 2062 934 oiim,
2090 897 2237 936 primam

636 952 809 983 dumtaxat
837 952 965 983 habens
980 954 1167 988 tonsuram,
1188 952 1227 983 de
1246 952 1404 983 mandato
1421 952 1528 991 patris
1545 952 1598 982 sui
1614 953 1645 983 et
1663 951 1807 982 consilio
1828 950 1982 982 advocati
2003 950 2125 990 ipsius,
2141 958 2238 990 quas·

637 1006 713 1036 dam
731 1006 1007 1036 interlineaturas
1022 1014 1083 1037 seu
1101 1006 1222 1036 lituras
1239 1005 1449 1036 interlineas
1466 1014 1523 1036 seu
1539 1005 1674 1044 regulas
1693 1005 1869 1044 cujusdam
1884 1004 2054 1043 rescripti,
2071 1004 2160 1043 quod
2172 1003 2240 1034 dic-

636 1059 692 1090 tus
712 1060 806 1098 pater
825 1059 897 1099 ejus
909 1061 1024 1090 contra
1040 1059 1219 1099 quemdam
1239 1059 1473 1089 adversarium
1488 1067 1586 1089 suum
1603 1067 1622 1088 a
1639 1058 1722 1089 SA.
1742 1058 1995 1097 impetraverat,
2012 1057 2239 1088 consistentes

637 1112 778 1149 abrasit,
795 1114 892 1143 textu
906 1114 1018 1143 tamen
1037 1112 1195 1151 rescripti
1212 1112 1341 1151 integro
1366 1113 1577 1147 remanente;
1598 1113 1736 1150 propter
1753 1120 1826 1150 quae
1842 1110 2236 1147 excommunicationem,

638 1174 657 1196 a
674 1174 740 1204 qua
756 1167 843 1196 auct.
864 1167 972 1205 apost.
992 1165 1182 1202 absolutus,
1203 1167 1235 1196 et
1253 1165 1539 1205 irregularitatem
1555 1165 1710 1201 incurrit,
1729 1173 1831 1203 super
1846 1173 1924 1203 qua,
1941 1164 1970 1194 si
1983 1164 2086 1194 vellet
2101 1163 2237 1203 religio-

637 1227 716 1249 nem
741 1219 879 1256 intrare,
897 1219 1115 1258 dispensatus
1141 1219 1215 1249 suit.
1235 1218 1425 1258 Religionis
1452 1227 1531 1249 vero
1553 1218 1728 1258 Ingressus
1746 1217 1813 1248 sibi
1838 1217 1991 1248 difficilis
2015 1217 2160 1254 videtur,
2179 1224 2240 1247 nec

637 1280 739 1311 posse
755 1280 791 1303 se
812 1272 918 1302 credit
939 1272 1140 1311 asperitates
1156 1272 1286 1303 ordinis
1302 1272 1459 1302 tolerare.
1484 1271 1535 1309 (A.
1557 1273 1605 1305 19,
1625 1271 1647 1301 f.
1664 1272 1725 1302 350
1737 1270 1765 1308 b,
1794 1270 1825 1301 V.
1838 1273 1887 1308 75,
1905 1279 1958 1309 ep.
1975 1270 2079 1309 1481.)

685 1322 819 1354 17883.
839 1342 878 1347 -
896 1325 995 1355 Ter-no
1016 1325 1165 1359 Venutoh.
1185 1324 1257 1355 cler.
1276 1325 1441 1362 Perusino,
1460 1325 1568 1364 gratia
1587 1333 1682 1364 exsp.
1697 1324 1809 1355 benef.
1830 1324 1941 1355 saecul.
1959 1325 1994 1354 in
2013 1323 2104 1354 civit.
2123 1323 2175 1353 vel
2193 1323 2237 1353 di.

639 1379 810 1414 Perusin.,
839 1379 961 1417 pertin.
979 1379 1020 1409 ad
1038 1379 1150 1409 collat.
1176 1378 1320 1418 archipr.
1341 1380 1372 1410 et
1389 1378 1490 1418 capit.
1507 1378 1588 1409 eccl.
1613 1378 1800 1415 Perusinae,
1821 1378 1860 1409 O.
1881 1377 1913 1408 S.
1938 1378 1996 1414 A.;
2014 1386 2080 1408 non
2098 1376 2185 1408 obst.
2206 1377 2242 1407 in

641 1432 720 1463 eccl.
740 1432 772 1462 S.
793 1432 836 1462 M.
855 1432 895 1463 de
923 1432 1084 1471 Papiano,
1103 1432 1200 1463 dictae
1225 1432 1284 1468 di.,
1308 1431 1512 1471 quibusdam
1531 1431 1652 1462 annuis
1667 1430 1869 1468 redditibus,
1889 1430 2061 1470 personali
2077 1430 2241 1461 beneficio

640 1485 855 1525 nuncupatis,
873 1485 904 1525 (7
928 1485 1000 1516 flor.
1021 1486 1118 1523 auri).
1137 1503 1175 1508 -
1192 1486 1219 1516 I.
1237 1495 1265 1516 e.
1283 1494 1328 1516 m.
1349 1485 1424 1516 abl).
1445 1486 1589 1516 monast.
1611 1494 1638 1515 s.
1660 1485 1753 1515 Petri
1770 1484 1939 1521 Perusin.,
1964 1493 2001 1515 ac
2019 1484 2123 1523 priori
2141 1485 2178 1515 B.
2195 1483 2241 1514 Μ.

641 1539 681 1569 (10
697 1538 786 1569 Salis
802 1539 1000 1575 Bituricen„
1019 1548 1057 1570 ac
1074 1539 1198 1569 Joanni
1211 1539 1367 1578 Magistri
1383 1538 1581 1575 Theobaldi,
1599 1539 1638 1569 de
1654 1538 1810 1575 Perusio,
1830 1546 1902 1569 can.
1921 1537 2099 1569 Faventin.
2115 1537 2168 1577 (A.
2192 1538 2241 1574 19,

642 1592 665 1623 f.
684 1593 744 1623 362
765 1597 793 1627 ²¹;
816 1591 848 1622 V.
865 1594 914 1628 75,
933 1601 984 1631 ep.
1005 1593 1109 1630 1527.)

690 1642 823 1673 17884.
843 1663 879 1667 -
896 1645 987 1675 Petro
1003 1645 1112 1675 Neroli
1129 1645 1165 1675 de
1179 1645 1308 1675 Perusia
1329 1654 1424 1685 prov.
1444 1653 1561 1676 canon.
1587 1644 1650 1675 sub
1668 1653 1763 1684 exsp.
1785 1644 1888 1683 praeb.
1909 1644 1989 1675 eccl.
2016 1643 2188 1675 Senensis.
2206 1658 2245 1664 —

642 1698 668 1729 I.
692 1707 719 1729 e.
739 1707 783 1728 m.
802 1697 916 1729 abbati
931 1699 1075 1729 monast.
1095 1707 1122 1729 s.
1139 1699 1231 1729 Petri
1246 1699 1414 1734 Perusin.,
1431 1700 1463 1729 et
1479 1698 1605 1729 archid.
1624 1698 1851 1735 Camerinen.,
1871 1706 1908 1728 ac
1925 1697 2070 1736 archipr.
2085 1696 2242 1727 Perusin.

643 1751 723 1782 eccl.
741 1751 795 1791 (A.
809 1753 857 1788 19,
876 1751 899 1782 f.
913 1753 972 1781 413
988 1751 1017 1787 ὓς
1040 1751 1076 1782 V.
1094 1753 1144 1788 75,
1165 1760 1216 1790 ep.
1237 1753 1349 1789 1530.)

691 1802 825 1833 17885.
844 1822 881 1847 ·-.
900 1804 1065 1842 Benedicto
1084 1804 1235 1845 Huqolini
1251 1804 1287 1835 de
1302 1805 1431 1835 Perusio
1449 1805 1575 1835 similis
1592 1804 1701 1844 gratia
1720 1804 1753 1834 in
1768 1804 1848 1835 eccl.
1867 1804 2041 1835 Tudertin.
2058 1822 2096 1826 —
2112 1804 2138 1834 I.
2153 1811 2182 1834 e.
2199 1811 2244 1835 m.

645 1858 759 1889 abbati
777 1859 808 1889 et
825 1858 969 1897 archipr.
989 1858 1173 1897 praedictis,
1192 1867 1230 1889 ac
1246 1858 1429 1889 Thomasio
1444 1858 1484 1889 de
1502 1859 1629 1895 Murro,
1648 1858 1755 1897 priori
1772 1858 1811 1889 Β.
1829 1858 1873 1888 Μ.
1895 1858 1936 1888 (10
1954 1857 2044 1889 Salis
2059 1857 2245 1888 Bituricen.

645 1912 700 1952 (A.
718 1913 767 1946 19,
787 1911 807 1942 f.
825 1912 885 1942 414
900 1917 928 1948 ²;
950 1911 985 1942 V.
1003 1913 1053 1949 75,
1069 1920 1120 1951 ep.
1138 1913 1242 1950 1531.)

693 1961 828 1994 17888.
847 1981 885 1986 -
910 1964 1065 2003 Huyolino
1088 1964 1218 1995 Antonii
1239 1964 1276 1995 de
1298 1965 1426 1995 Perusio
1442 1964 1570 1995 similis
1588 1964 1698 2004 gratia
1717 1964 1752 1995 in
1768 1964 1849 1995 eccl.
1866 1963 2042 1995 Vulteran.
2061 1981 2099 1986 —
2111 1963 2138 1994 I.
2157 1971 2185 1994 e.
2202 1971 2247 1993 m.

647 2018 790 2057 archipr.
808 2018 978 2054 Perusin.,
996 2020 1027 2049 et
1051 2018 1176 2049 Busolo
1200 2018 1239 2049 de
1263 2018 1401 2055 Parma,
1420 2018 1519 2057 Papae
1543 2026 1628 2056 cap„
1651 2017 1851 2054 Tornacen.‚
1872 2026 1910 2048 ac
1936 2017 2004 2048 Feo
2027 2015 2250 2053 Benevenuti,

647 2071 859 2110 Fulginaten.
874 2080 945 2101 can.
961 2071 1041 2101 eccl.
1062 2070 1111 2108 (A.
1133 2073 1183 2108 19,
1200 2071 1223 2101 f.
1241 2072 1300 2101 414
1316 2076 1345 2107 ⁸,
1366 2071 1402 2102 V.
1418 2073 1467 2106 75,
1485 2079 1537 2110 ep.
1555 2070 1660 2109 1532.)

695 2121 830 2154 17887.
851 2141 890 2146 -
909 2123 1039 2154 Mathoeo
1062 2123 1188 2154 Massoli
1204 2124 1239 2154 de
1254 2124 1382 2155 Perusia
1405 2124 1531 2155 similis
1548 2124 1656 2164 gratia
1674 2124 1709 2154 in
1726 2123 1807 2154 0001.
1825 2123 2039 2155 Camerinen.
2058 2140 2096 2146 —
2113 2123 2138 2153 1.
2157 2131 2186 2154 0.
2204 2131 2250 2153 m.

649 2177 761 2208 abbati
791 2179 935 2208 monast.
962 2186 989 2207 s.
1010 2178 1102 2208 Petri
1123 2177 1295 2215 Perusin.,
1314 2179 1347 2208 et
1372 2177 1566 2214 Francisco,
1587 2177 1746 2216 archipr„
1774 2177 1877 2216 Papae
1893 2185 1978 2216 cap„
1994 2185 2032 2207 ac
2048 2176 2172 2207 Amato
2189 2175 2254 2207 Sil·

648 2231 765 2266 vestri,
781 2239 853 2261 can.
872 2231 952 2261 eccl.
970 2230 1125 2261 Perusin.
1141 2230 1195 2270 (A.
1211 2232 1259 2268 19,
1277 2231 1300 2261 f.
1313 2232 1374 2262 414
1387 2230 1416 2266 1’;
1440 2229 1474 2260 V.
1492 2232 1543 2266 75,
1561 2239 1612 2270 ep.
1631 2231 1735 2269 1533.)

697 2281 833 2314 17888.
850 2301 889 2306 -
907 2283 1078 2314 Andr-cutio
1096 2288 1168 2314 nato
1190 2294 1220 2314 n.
1237 2294 1265 2315 v.
1281 2283 1449 2314 Persivalli
1465 2283 1502 2314 de
1524 2283 1652 2314 Perusia
1669 2283 1796 2314 similis
1811 2283 1920 2323 gratia
1940 2283 1975 2314 in
1997 2283 2078 2314 eccl.
2095 2282 2253 2323 Fulgina-

650 2337 750 2369 tensi.
767 2356 806 2361 -
825 2337 850 2368 I.
874 2346 902 2368 e.
925 2346 968 2368 m.
989 2346 1066 2377 ep.0
1082 2337 1293 2376 Florentino,
1315 2338 1347 2368 et
1370 2336 1446 2368 abb.
1472 2345 1510 2368 ac
1536 2337 1681 2376 archipr.
1709 2336 1928 2376 supradictis.
1958 2337 2011 2376 (A.
2034 2338 2084 2373 19,
2110 2336 2134 2367 f.
2148 2337 2208 2367 414
2221 2335 2253 2373 ¹²5

657 2391 692 2422 V.
710 2392 758 2427 75,
778 2399 830 2430 ep.
850 2391 955 2428 1534.)

699 2441 836 2473 17889.
852 2461 890 2466 -
906 2443 1053 2474 Hainerio
1075 2441 1202 2474 Contuli
1221 2442 1361 2474 [rainerii
1381 2443 1417 2474 de
1438 2433 1569 2474 Perusia
1587 2452 1680 2483 prov.
1703 2452 1822 2475 canon.
1841 2442 1904 2474 sub
1923 2451 2019 2483 exsp.
2043 2443 2148 2483 praeb.
2173 2443 2253 2474 0001.

651 2497 892 2529 Ariminensis.
910 2515 948 2519 —
961 2497 987 2528 1.
1005 2505 1035 2527 e.
1052 2505 1096 2528 m.
1116 2505 1192 2536 ep.o
1211 2497 1421 2532 Florentino,
1438 2498 1471 2528 et
1489 2497 1682 2534 Francisco,
1702 2496 1862 2536 archipr„
1881 2505 1919 2527 ac
1938 2496 2163 2536 Bonogratiae,
2181 2504 2255 2528 can.

653 2550 733 2582 eccl.
757 2550 914 2581 Perusin.
933 2550 984 2588 (A.
1001 2552 1050 2587 19,
1065 2550 1088 2581 f.
1107 2551 1169 2581 422
1183 2555 1211 2586 ²3
1234 2550 1268 2582 V.
1288 2552 1338 2588 75,
1357 2559 1409 2589 ep.
1429 2550 1535 2590 1572.)

700 2601 837 2634 17898.
857 2622 894 2627 -
912 2603 1006 2635 Cecco
1025 2603 1190 2644 Anqelucii
1202 2603 1238 2634 de
1255 2603 1381 2634 Perusia
1396 2604 1504 2644 gratia
1523 2613 1618 2644 exsp.
1632 2603 1744 2635 benef.
1759 2612 1786 2634 c.
1797 2612 1824 2635 c.
1839 2603 1894 2634 vel
1910 2612 1937 2634 s.
1955 2612 1997 2640 0.,
2012 2603 2150 2635 etiamsi
2166 2603 2257 2644 dign.

653 2657 708 2688 vel
724 2660 928 2696 personatus
946 2656 1086 2694 existat,
1109 2657 1144 2688 in
1170 2657 1263 2688 civit.
1286 2657 1340 2689 vel
1357 2657 1403 2688 di.
1420 2657 1597 2695 Nucerin.‚
1614 2657 1737 2697 pertin.
1754 2657 1796 2688 ad
1821 2656 1933 2688 collat.
1959 2657 2027 2697 ep.i
2042 2656 2204 2688 Nucerin.
2220 2673 2260 2680 —

653 2710 680 2742 Ῑ.
699 2718 728 2741 0.
746 2718 790 2741 m.
808 2709 884 2742 abb.
903 2711 1048 2741 monast.
1065 2710 1106 2741 de
1120 2719 1148 2741 s.
1166 2710 1391 2750 Archangelo,
1408 2710 1566 2742 Perusin.
1581 2710 1642 2747 di.,
1659 2712 1692 2742 et
1708 2710 1854 2750 archipr.
1870 2710 2042 2746 Perusin.,
2057 2718 2095 2741 ac
2114 2710 2183 2742 Feo
2199 2709 2260 2741 Be·

655 2763 828 2800 nevenuti,
842 2772 915 2794 can.
933 2763 1149 2802 Fulginaten.
1167 2763 1247 2794 0001.
1265 2763 1317 2803 (A.
1335 2765 1384 2801 19,
1402 2763 1425 2796 f.
1441 2765 1503 2795 422
1517 2763 1546 2802 ι);
1567 2763 1600 2795 V.
1618 2766 1667 2802 75,
1687 2772 1739 2803 ep.
1757 2763 1862 2803 1573.)

704 2813 839 2844 17891.
858 2834 898 2839 --
923 2816 1037 2847 Abbati
1058 2821 1188 2847 monast.
1209 2827 1233 2847 s.
1251 2816 1339 2847 Petri
1364 2817 1523 2855 Perusin.,
1542 2822 1570 2848 el
1581 2817 1686 2858 priori
1702 2817 1864 2854 Nucerin.,
1883 2826 1918 2846 ac
1931 2816 2048 2846 archid.
2069 2815 2262 2847 Camerinen.

656 2868 730 2899 eccl.
744 2869 857 2899 mand.
876 2878 937 2909 pro
958 2870 1150 2909 receptione
1172 2870 1315 2902 Joannis
1341 2870 1453 2906 Pauli,
1474 2871 1553 2902 cler.
1579 2871 1751 2908 Perusin.,
1769 2870 1804 2901 in
1820 2869 1900 2901 0001.
1920 2869 2094 2906 Perusin.,
2111 2868 2149 2900 Ο.
2170 2868 2204 2900 S.
2219 2868 2260 2899 A.

657 2921 711 2961 (A.
728 2922 777 2957 19,
796 2921 819 2952 f.
834 2923 896 2954 426
911 2922 940 2959 b;
962 2922 994 2953 V.
1015 2924 1068 2960 75,
1085 2931 1136 2963 ep.
1159 2924 1263 2962 1582.)

705 2971 843 3004 17892.
859 2993 898 2998 -
921 2975 1037 3006 Joanm·
1053 2975 1234 3012 Bertrandi,
1252 2977 1375 3008 rectori
1398 2976 1534 3016 paroch.
1561 2976 1640 3007 eccl.
1669 2984 1696 3006 s.
1717 2975 1859 3013 Privati,
1881 2975 2058 3006 Caturcen.
2078 2974 2137 3012 di.,
2162 2982 2257 3014 prov.

658 3035 777 3058 canon.
795 3026 859 3058 sub
877 3036 971 3066 exsp.
989 3028 1091 3067 praeb.
1104 3029 1185 3060 eccl.
1202 3029 1454 3069 Petragoricen.
1469 3047 1508 3052 —
1524 3029 1550 3060 Ι.
1568 3037 1597 3060 e.
1614 3037 1660 3059 m.
1677 3028 1849 3068 Figiacen.
1878 3036 1920 3059 ac
1937 3027 2199 3067 Montispensati
2214 3035 2265 3058 ar-

658 3079 790 3116 chidis,
807 3081 840 3111 et
858 3080 1054 3112 Gualhardo
1068 3081 1211 3119 Juliani,
1224 3090 1296 3113 can.
1313 3082 1393 3113 eccl.
1409 3082 1586 3114 caturcen.
1606 3082 1659 3119 (A.
1679 3083 1728 3119 19,
1743 3081 1768 3112 f.
1783 3082 1844 3113 430
1860 3086 1888 3118 ·;
1910 3080 1947 3112 V.
1961 3081 2012 3117 75.
2025 3089 2077 3120 ep.
2099 3081 2205 3120 1591.)

370 3133 516 3161 JOANNIS
536 3133 619 3161 XXII.
638 3147 674 3154 —
692 3133 723 3161 T.
746 3133 791 3160 IV.
2081 3134 2115 3162 41
