2592 3528
249 415 352 443 Datum
375 409 556 445 Avenione.

226 941 263 968 10
279 943 321 976 (lv
337 939 390 974 id.)
404 948 466 976 apr.
484 940 570 968 1322.

306 985 336 1013 T.
358 985 404 1020 xl,
421 985 492 1013 x111.

358 1207 395 1235 Ut
410 1215 434 1235 s.

307 1251 338 1278 T.
357 1252 403 1285 XI,
418 1252 489 1279 XIII.

221 1526 256 1553 11
273 1529 320 1562 (111
331 1525 390 1596 idk)i
399 1534 460 1562 apr.
480 1527 560 1555 1322

391 1577 416 1597 r.

300 1737 336 1766 Ut
349 1745 372 1764 s.
388 1755 420 1760 —
435 1738 481 1766 Gr.

205 2033 212 2038 ἱ
222 2003 260 2031 12
272 2003 307 2040 (11
323 2003 376 2040 id.)
390 2012 453 2040 apr.
474 2005 562 2034 1322.

338 2049 368 2076 Τ.
390 2049 446 2077 XX.

225 2194 227 2196 ¹
242 2162 280 2189 13
294 2162 358 2199 (id.)
374 2171 436 2199 apr.
451 2164 539 2193 1322.

311 2208 341 2235 Τ.
360 2208 392 2242 Χ,
409 2209 469 2236 XII.

348 2695 385 2724 Ut
399 2704 423 2724 s.

328 2739 358 2767 T.
377 2740 446 2767 xvi.

347 2961 383 2989 Ut
399 2969 423 2989 s.

296 3004 327 3032 T.
342 3005 388 3040 XI,
403 3005 474 3034 XIII.

624 323 798 356 JOANNIS
821 324 940 355 PAPAE
961 325 1063 355 XXII.
1088 327 1337 364 (1316-1334).
1360 345 1396 350 —
1420 326 1606 357 LITTERAE
1630 327 1854 360 COMMUNES
2201 335 2242 364 79

642 512 677 544 S.
696 514 750 550 A.‚
767 513 970 549 obtinentes,
988 513 1144 553 partibus
1157 522 1198 544 ex
1211 513 1327 550 altera,
1346 523 1449 553 super
1460 514 1582 545 castris
1598 515 1639 546 de
1656 515 1846 554 Fresseval‚
1865 517 1905 548 de
1924 518 2025 550 Serez
2038 520 2070 550 et
2093 519 2239 560 Badajoz

641 566 731 597 infra
744 566 953 597 territorium
972 566 1068 597 dictae
1093 566 1183 598 civit.
1207 566 1402 598 constitutis
1418 568 1450 598 et
1467 576 1528 606 per
1547 568 1588 598 cI.
1606 577 1671 599 me.
1697 568 1910 608 Alphonsum
1937 579 2049 611 regern
2070 572 2237 611 Castellae,

640 619 750 650 filium
767 619 891 650 inclitae
914 619 1160 650 recordationis
1183 619 1353 650 Fernandi
1369 620 1526 651 Castellae
1545 621 1645 660 regis,
1660 621 1718 660 qui
1731 622 1823 653 civit.
1840 623 1986 662 Ispalen.
2005 625 2037 655 et
2053 626 2156 656 totam
2171 628 2239 657 ter-

640 681 713 704 ram
730 672 953 704 Vandalicam
969 681 986 703 e
1002 672 1161 703 manibus
1177 672 1391 712 Paganorum
1411 673 1592 713 eripuerat,
1609 673 1674 704 eid.
1696 674 1789 705 civit.
1807 675 1949 707 donatis.
1967 676 2111 708 Demum
2127 680 2240 710 tamen

640 726 716 766 ipsa
733 725 867 757 civitate
881 725 1029 765 graviter
1045 734 1064 756 a
1080 725 1276 757 Sarracenis
1291 734 1351 765 per
1366 725 1506 757 bellicos
1522 726 1672 758 insultus
1691 736 1866 767 oppressa,
1882 728 2006 760 fratres
2024 730 2148 769 quond.
2166 732 2237 762 ord.

640 778 772 810 militiae
791 778 925 818 Templi
946 779 1057 810 castra
1077 778 1226 810 indebite
1251 780 1457 818 occuparunt
1477 780 1682 818 supradicta,
1709 789 1795 820 quae,
1814 781 1903 812 dicto
1928 782 1999 814 ord.
2023 784 2238 822 postmodum

640 831 784 869 sublato,
801 831 842 862 ad
860 831 952 862 civit.
971 832 1179 863 devenerunt
1193 832 1321 868 eamd.;
1340 833 1373 863 et
1388 832 1511 863 fratres
1530 833 1611 864 dicti
1627 833 1807 873 hospitalis
1824 842 1898 865 eam
1918 835 2089 867 interdicti
2106 838 2238 868 senten-

638 885 706 921 tiae.
726 885 814 916 auct.
834 886 943 924 apost.
962 885 1194 925 promulgatae,
1216 885 1390 925 subjacere
1412 886 1622 917 nuntiarunt.
1649 887 1702 926 (Α.
1721 888 1769 924 16,
1786 887 1808 917 f.
1826 888 1881 918 321
1903 893 1935 924 ἃς
1955 888 1988 919 V.
2009 890 2057 922 73.
2078 898 2129 929 ep.
2152 891 2237 930 607.)

686 935 821 968 15259.
841 956 879 960 -
894 938 1022 968 Nicolao
1048 937 1167 968 Brunel
1180 938 1295 969 collat.
1312 947 1429 969 canon.
1449 938 1512 969 sub
1538 947 1632 978 exsp.
1653 939 1756 979 praeb.
1779 940 1860 971 eccl.
1883 943 2028 972 monast.
2048 943 2085 974 B.
2105 943 2149 974 M.
2168 951 2237 974 mo-

639 991 779 1023 nialium
810 991 1021 1029 Vintonien.‚
1040 991 1079 1023 O.
1097 993 1132 1024 S.
1151 993 1203 1029 B„
1234 1000 1294 1031 per
1323 991 1532 1023 abbatissam
1555 992 1632 1032 gub.
1660 993 1764 1030 soliti,
1793 994 1827 1024 in
1856 1003 1922 1033 quo
1940 995 2092 1026 canonici
2123 997 2237 1027 saecul.

639 1045 786 1076 existere
805 1045 1041 1082 dinoscuntur,
1059 1045 1161 1085 praeh.
1178 1044 1263 1076 inibi
1283 1045 1473 1077 obtinentes
1482 1055 1491 1081 ς
1509 1054 1575 1076 non
1592 1045 1678 1078 obst.
1696 1047 1830 1086 paroch.
1847 1047 1927 1078 0001.
1948 1048 1989 1078 (10
2013 1048 2236 1086 Herbaldon.,

639 1098 856 1130 Cantuarien.
877 1098 923 1130 di.
942 1116 980 1121 —
1001 1098 1028 1130 I.
1044 1107 1073 1130 e.
1091 1107 1136 1130 m.
1154 1107 1230 1138 ep.o
1253 1099 1398 1134 Roffen.‚
1424 1100 1455 1130 et
1476 1107 1580 1138 praep.
1606 1108 1633 1130 s.
1657 1099 1783 1131 Felicis
1806 1101 2021 1141 Aquilegen„
2047 1110 2084 1133 ac
2109 1102 2236 1134 archid.

637 1151 887 1192 Northampton
905 1151 1116 1183 Lincolnien.
1133 1152 1213 1183 eccl.
1233 1152 1286 1192 (Α.
1305 1153 1354 1186 17,
1374 1151 1397 1182 f.
1415 1153 1474 1183 162
1487 1157 1520 1188 ²;
1545 1151 1577 1183 V.
1593 1154 1642 1190 73,
1660 1161 1712 1193 ep.
1729 1154 1814 1193 958.)

685 1202 819 1234 15260.
836 1223 874 1228 —
889 1205 1007 1236 Joanni
1015 1204 1052 1236 de
1060 1204 1222 1235 Pritevelle
1235 1205 1372 1236 collatio
1381 1205 1516 1245 paroch.
1530 1206 1610 1236 0001.
1624 1214 1651 1236 s.
1661 1206 1797 1238 Vedasti
1808 1207 2029 1245 Londonien.‚
2044 1209 2095 1247 (10
2108 1209 2235 1240 march.

638 1258 759 1297 steri.),
778 1267 838 1298 per
854 1258 1092 1290 dImissionem
1110 1267 1130 1290 a
1143 1258 1283 1290 Valtero
1299 1258 1389 1289 dicto
1416 1258 1588 1290 Lefustier
1610 1259 1651 1290 de
1666 1259 1850 1291 Londoniis
1863 1260 1961 1300 juxta
1982 1262 2117 1293 constit.
2135 1271 2237 1302 super

637 1312 760 1351 plural.
784 1312 893 1343 benef.
914 1312 1039 1343 factam
1064 1320 1147 1348 vac„
1171 1313 1272 1351 prout
1286 1311 1388 1343 etiam
1411 1320 1471 1351 per
1487 1312 1777 1344 renunciationem
1802 1322 1821 1344 a
1840 1313 2009 1345 Richardo
2028 1314 2067 1345 de
2081 1315 2236 1355 Luytone

637 1365 771 1403 factam,
790 1365 843 1396 cui
862 1365 973 1396 fuerat
989 1373 1049 1404 per
1064 1364 1257 1404 pontificem
1275 1364 1410 1402 collata,
1428 1364 1552 1396 iterum
1569 1374 1639 1396 vac.
1649 1375 1658 1402 ς
1675 1374 1742 1397 non
1760 1366 1846 1397 obst.
1866 1375 1960 1406 perp.
1971 1368 2120 1399 cantoria
2136 1369 2173 1399 B.
2190 1369 2224 1400 M

636 1417 671 1448 in
690 1418 772 1448 eccl.
791 1427 820 1449 s.
839 1418 983 1449 Andreae
1008 1418 1048 1449 de
1069 1417 1205 1457 Truige‚
1231 1418 1418 1448 Cicestren.
1437 1417 1482 1448 di.
1508 1436 1546 1440 —-
1564 1418 1590 1450 I.
1607 1427 1636 1449 e.
1652 1427 1697 1449 m.
1722 1420 1759 1450 ut
1777 1427 1805 1449 s.
1827 1420 1879 1458 (A.
1898 1421 1946 1457 17,
1966 1419 1989 1450 f.
2007 1421 2064 1452 163
2080 1426 2111 1458 ³3
2130 1421 2166 1452 V.
2185 1424 2234 1460 73,

635 1479 688 1511 ep.
705 1471 790 1511 959.)

681 1521 817 1554 15261.
836 1541 873 1546 -
889 1524 1034 1555 Collatio
1053 1532 1172 1555 canon.
1189 1523 1252 1554 sub
1272 1532 1368 1564 exsp.
1387 1523 1490 1564 praeb.
1510 1524 1588 1555 eccl.
1608 1524 1853 1565 Nigroponten.
1872 1525 1993 1557 Thomae
2009 1526 2098 1557 Petri
2112 1527 2148 1558 de
2161 1527 2232 1558 Ser-

634 1577 766 1615 ravalle,
784 1586 857 1608 can.
873 1577 1021 1616 praeben.
1038 1577 1179 1616 majoris
1196 1578 1229 1608 et
1246 1586 1273 1608 s.
1288 1576 1405 1608 Jacobi
1423 1577 1636 1608 Camerinen.
1656 1579 1735 1609 eccl.
1751 1596 1787 1601 ——
1804 1578 1830 1609 Ι.
1848 1587 1877 1610 0.
1899 1588 1944 1609 m.
1968 1580 2138 1620 archiep.o
2151 1581 2234 1612 The-

633 1630 725 1668 ban.‚
743 1630 870 1662 archid.
889 1630 1091 1666 Naum-ten„
1106 1631 1138 1661 et
1153 1629 1297 1669 archipr.
1319 1630 1359 1661 de
1379 1630 1553 1670 Tegrasio,
1574 1631 1751 1662 Caturcen.
1767 1631 1827 1667 di.,
1844 1631 1925 1663 eccl.
1943 1633 1996 1671 (A.
2017 1634 2066 1670 16,
2089 1633 2111 1663 f.
2127 1635 2185 1665 324
2199 1639 2232 1672 ³3

639 1684 675 1715 V.
698 1686 748 1722 73,
767 1692 819 1723 ep.
834 1685 919 1722 623.)

680 1735 813 1766 15262.
828 1756 866 1761 -
885 1736 1030 1769 Collatio
1046 1745 1165 1768 canon.
1181 1736 1244 1768 sub
1267 1745 1363 1776 exsp.
1382 1736 1485 1776 praeb.
1504 1737 1583 1767 0001.
1601 1737 1794 1769 Mothonen.
1812 1737 1954 1769 Conrado
1969 1739 2054 1769 Petri
2071 1739 2106 1770 de
2123 1740 2234 1770 Serra-

633 1790 733 1830 valle;
747 1800 813 1822 non
830 1790 916 1822 obst.
928 1791 1016 1830 quod
1034 1799 1151 1821 canon.
1163 1790 1217 1821 vel
1231 1790 1429 1821 clericatum
1446 1792 1478 1821 et
1494 1791 1683 1830 portionem
1699 1790 1733 1821 in
1751 1791 1831 1822 eccl.
1849 1800 1878 1822 s.
1896 1791 2022 1831 Elpidii
2039 1793 2079 1824 de
2096 1802 2124 1824 s.
2141 1794 2235 1833 Elpi-

633 1844 701 1882 dio‚
719 1845 871 1876 Firman.
889 1844 947 1880 di.,
973 1843 1134 1881 obtineat,
1152 1844 1185 1875 et
1201 1844 1241 1874 de
1262 1852 1381 1874 canon.
1407 1852 1445 1874 ac
1462 1843 1565 1883 praeb.
1582 1844 1662 1875 0001.
1681 1852 1708 1874 s.
1729 1845 1887 1876 Venantii
1913 1845 2125 1877 Camerinen.
2146 1848 2235 1886 apud

634 1899 669 1931 S.
687 1899 728 1930 A.
756 1897 878 1937 litiget.
898 1915 937 1919 —
960 1898 984 1928 I.
1003 1906 1031 1929 e.
1057 1905 1102 1927 m.
1122 1897 1248 1928 archid.
1266 1897 1471 1934 Nanneten..
1493 1898 1525 1928 et
1548 1896 1693 1936 archipr.
1719 1897 1759 1928 de
1787 1898 1960 1937 Tegrasio,
1979 1898 2155 1931 Caturcen.
2174 1900 2232 1937 di.,

633 1960 671 1983 ac
684 1960 773 1991 mag.
789 1951 968 1991 Adjutorio
983 1950 1023 1981 de
1045 1950 1226 1986 Guarcino‚
1245 1959 1318 1981 can.
1334 1951 1511 1981 Patracen.
1527 1950 1607 1981 eccl.
1625 1950 1677 1991 (A.
1700 1952 1747 1986 16,
1762 1950 1785 1981 f.
1805 1952 1864 1982 495
1880 1956 1914 1988 ³3
1941 1950 1974 1981 V.
1992 1954 2041 1989 73,
2059 1961 2111 1992 ep.
2129 1954 2234 1992 1505.)

679 2002 814 2033 15263.
831 2023 868 2027 -
893 2004 981 2044 Epo
998 2003 1177 2034 Noviomen.
1202 2003 1314 2034 mand.
1335 2004 1372 2034 ut
1399 2003 1540 2043 recipiat
1558 2012 1577 2034 a
1606 2003 1754 2034 Blancha
1785 2004 1826 2035 de
1852 2004 2034 2042 Varennis,
2059 2005 2233 2038 abbatissa

632 2059 778 2089 monast.
795 2058 836 2089 de
853 2057 1038 2093 Belloloco,
1055 2057 1253 2088 Cistercien.
1274 2056 1360 2093 ord„
1376 2056 1579 2087 Noviomen.
1595 2056 1655 2094 di.,
1672 2057 1861 2088 cessionem
1877 2057 2069 2089 administr.
2086 2060 2231 2090 monast.

631 2110 812 2150 praelihati,
832 2112 969 2150 propter
985 2110 1196 2141 debilitatem
1212 2110 1266 2140 sui
1281 2109 1445 2149 corporis.
1463 2109 1517 2149 (A.
1536 2111 1584 2146 16,
1601 2109 1624 2140 f.
1639 2111 1698 2140 327
1717 2115 1749 2145 ²;
1774 2110 1810 2141 V.
1827 2112 1878 2147 73,
1896 2119 1948 2150 ep.
1968 2112 2054 2150 642.)

680 2161 813 2193 15264.
839 2182 871 2186 -
890 2163 1008 2195 Gratia
1031 2172 1126 2203 exsp.
1144 2163 1279 2203 paroch.
1307 2163 1387 2194 eccl.
1413 2163 1453 2193 de
1472 2163 1678 2199 Ventenaco,
1701 2163 1947 2202 Appamiarum
1966 2164 2024 2201 di.,
2042 2172 2102 2204 per
2118 2174 2231 2205 accep-

631 2217 795 2249 tationem
815 2216 856 2248 ab
871 2217 1021 2248 Arnaldo
1040 2217 1080 2247 de
1105 2216 1249 2248 Petrilia
1267 2216 1456 2247 faciendam
1482 2216 1521 2247 de
1545 2216 1752 2255 archipresb.
1769 2216 1809 2247 de
1829 2217 2097 2256 Montepensato,
2114 2218 2229 2249 Catur-

632 2279 703 2302 cen.
721 2270 782 2306 di.,
793 2270 860 2310 ipsi
876 2279 936 2310 per
952 2270 1080 2310 Papam
1096 2270 1230 2306 collato,
1240 2269 1391 2300 vacantis
1405 2269 1457 2300 vel
1474 2269 1508 2299 in
1524 2268 1619 2300 brevi
1635 2270 1813 2306 vacaturae,
1829 2270 1991 2310 Aymerico
2004 2270 2041 2300 de
2060 2270 2229 2309 Noallzaco,

631 2324 712 2355 cler.
728 2324 905 2355 Caturcen.
918 2323 1012 2354 di.—
1028 2324 1055 2354 Ι.
1067 2331 1096 2355 0.
1112 2331 1157 2354 m.
1175 2331 1252 2362 ep.o
1266 2322 1494 2359 Lemovioen„
1509 2323 1542 2353 et
1556 2322 1682 2353 decano
1697 2331 1724 2354 s,
1742 2322 1902 2362 Stephani
1919 2323 1959 2354 de
1975 2323 2126 2355 Tescone
2140 2325 2231 2356 Mon-

631 2377 804 2416 tisalban.‚
823 2386 861 2408 ac
877 2377 1003 2408 archid.
1018 2377 1196 2408 Caturcen.
1213 2375 1292 2407 eccl.
1313 2376 1367 2416 (Α.
1385 2377 1435 2412 16,
1452 2375 1474 2406 f.
1492 2377 1552 2407 398
1569 2381 1601 2412 ²;
1624 2375 1657 2406 V.
1678 2377 1727 2412 73,
1745 2384 1797 2415 ep.
1813 2376 1900 2415 639.)

677 2427 811 2459 15265.
827 2448 866 2453 -
878 2430 996 2462 Gratia
1013 2438 1108 2469 exsp.
1126 2429 1260 2469 paroch.
1283 2429 1362 2460 0001.
1381 2429 1421 2460 de
1441 2429 1553 2460 Gaure
1570 2438 1597 2460 c.
1617 2437 1658 2466 0.,
1676 2428 1834 2460 Tolosan.
1861 2429 1920 2465 di.,
1939 2437 1999 2469 per
2015 2430 2230 2469 adeptionem

630 2493 649 2515 a
661 2484 848 2516 Bertrando
864 2484 905 2515 de
921 2483 1127 2515 Monasterio
1146 2482 1332 2514 faciendam
1352 2482 1391 2513 de
1404 2481 1541 2522 paroch.
1563 2482 1643 2513 eccl.
1663 2490 1690 2513 s.
1712 2483 1854 2519 Cosmae,
1878 2482 2068 2515 Ruthenen.
2087 2484 2145 2521 di.,
2163 2484 2230 2524 ipsi

629 2545 690 2577 per
705 2537 904 2569 Pontificem
920 2536 1055 2574 collata,
1065 2536 1100 2567 in
1118 2535 1213 2567 brevi
1223 2536 1401 2573 vacaturae,
1421 2534 1583 2567 Guillelmo
1601 2535 1637 2566 de
1656 2534 1759 2572 Costa,
1777 2535 1856 2566 cler.
1874 2535 2064 2567 Ruthenen.
2082 2537 2140 2574 di.,
2162 2537 2228 2568 PP.

629 2591 737 2622 famil.
752 2607 791 2612 —
807 2591 836 2622 I.
853 2599 881 2622 e.
899 2599 944 2621 m.
962 2590 1132 2630 archiep.0
1154 2589 1342 2626 Arelaten.‚
1360 2590 1392 2620 et
1419 2588 1544 2620 archid.
1572 2588 1762 2624 Caturcen.‚
1788 2597 1825 2619 ac
1847 2588 1997 2620 Arnaldo
2015 2590 2055 2621 de
2074 2590 2227 2629 Petrina,

629 2652 701 2675 can.
717 2644 888 2676 Turonen.
911 2643 991 2675 eccl.
1008 2643 1063 2683 (A.
1082 2644 1131 2679 16,
1151 2642 1173 2674 f.
1191 2643 1250 2674 374
1266 2647 1299 2679 ⁸3
1323 2641 1355 2672 V.
1375 2644 1425 2679 73,
1441 2651 1493 2682 ep.
1511 2643 1596 2680 651.)

674 2694 809 2726 15266.
827 2714 866 2720 -
883 2697 996 2728 Mand.
1012 2705 1080 2737 epa
1098 2695 1220 2726 Trecen.
1238 2697 1276 2726 ut
1292 2703 1369 2726 cum
1383 2696 1513 2727 Joanne
1530 2695 1569 2726 de
1585 2694 1769 2732 Gravaille,
1787 2695 1828 2725 de
1843 2695 2077 2733 Brenacastro,
2093 2695 2179 2727 laico
2195 2696 2227 2727 et

627 2750 793 2790 Luqueta,
812 2750 931 2781 relicta
949 2749 1074 2790 quond.
1092 2749 1242 2780 Simonis
1255 2749 1407 2787 Naturae,
1421 2749 1461 2779 de
1477 2748 1706 2785 Brenaveteri,
1727 2756 1796 2779 suae
1812 2747 1871 2785 di.,
1891 2747 2070 2779 interdicto
2086 2748 2128 2779 ad
2144 2749 2228 2779 tem-

627 2812 692 2843 pus
711 2803 838 2835 carnali
862 2803 1065 2835 commercio
1089 2804 1121 2834 et
1143 2802 1306 2842 imposita
1331 2801 1540 2841 poenitentia,
1567 2801 1742 2841 dispenset
1764 2802 1800 2831 ut
1825 2801 1860 2831 in
1884 2801 2032 2831 matrim.
2058 2801 2147 2832 inter
2169 2809 2227 2832 eos

627 2857 809 2892 contracto,
829 2855 1002 2896 spirituali
1025 2855 1223 2896 cognatione
1249 2863 1315 2886 non
1341 2854 1442 2891 obst„
1466 2854 1556 2886 licite
1574 2862 1749 2885 remanere
1767 2853 1911 2893 possint.
1934 2853 1984 2890 (A.
2010 2854 2057 2890 16,
2077 2854 2098 2884 f.
2122 2855 2181 2884 330
2196 2858 2224 2891 ¹3

631 2909 667 2941 V.
687 2911 737 2947 73,
756 2918 808 2949 ep.
823 2911 907 2948 662.)

673 2960 805 2992 15267.
824 2980 861 2985 —-
879 2962 1001 2994 Collat.
1018 2970 1136 2993 canon.
1155 2961 1219 2992 sub
1232 2970 1328 3000 exsp.
1343 2960 1446 3000 praeb.
1461 2961 1541 2992 eccl.
1560 2960 1810 2991 Autisiodoren.
1828 2959 1943 2990 ,Ioanni
1957 2958 1993 2989 de
2009 2957 2139 2994 Glaudo,
2157 2967 2224 2990 rec-

626 3016 692 3047 tori
710 3015 845 3056 paroch.
865 3015 944 3047 0001.
964 3015 1005 3047 de
1020 3014 1259 3052 Villamorina,
1282 3014 1466 3054 Lingonen.
1484 3014 1530 3044 di.
1548 3031 1586 3036 —
1605 3013 1631 3044 1.
1650 3021 1679 3044 e.
1698 3021 1743 3043 m.
1763 3011 1838 3043 abb.
1856 3013 2000 3043 monast.
2018 3020 2045 3042 s.
2063 3011 2224 3043 Germani
