2592 3528
359 328 418 357 144

391 413 494 441 Datum
513 406 696 441 Avenione.

370 515 406 542 10
423 515 461 550 (ιν
480 514 530 546 id.)
548 522 612 548 augy.
631 513 717 542 1322.

481 559 511 586 Τ.
531 558 601 585 XVI.

502 673 538 701 Ut
558 682 581 701 s.

465 719 496 746 T.
514 719 546 752 X,
563 718 620 745 XII.

502 939 537 967 Ut
555 947 579 966 s.

501 1096 536 1124 Ut
556 1105 579 1123 s.

491 1141 521 1168 T.
537 1141 592 1168 XX.

500 1309 535 1337 Ut
556 1318 578 1336 s.

481 1354 510 1381 T.
533 1354 588 1381 XX.

496 1522 533 1549 Ut
552 1530 575 1549 S.

427 1567 457 1593 T.
474 1567 570 1600 XVIII,
590 1566 646 1593 XX.

497 1735 532 1762 Ut
553 1744 575 1762 s.

484 1780 513 1806 T.
536 1780 592 1806 XX.

500 1949 535 1976 Ut
555 1957 578 1976 s.

447 1994 478 2021 T.
493 1995 538 2028 XI,
554 1994 624 2021 XIII.

500 2165 533 2193 Ut
554 2174 577 2193 s.

471 2211 500 2237 T.
521 2211 600 2238 XXX.

357 2434 390 2459 11
409 2436 454 2467 (111
474 2432 525 2464 id.)
544 2441 609 2468 auq.
632 2433 720 2461 1322.

485 2478 514 2504 Τ.
529 2478 585 2505 ΧΧ.

371 2750 408 2777 12
422 2750 456 2786 (11
471 2750 521 2786 id.)
538 2759 604 2787 augy.
622 2752 708 2780 1322.

478 2795 508 2821 T.
529 2795 598 2823 XVI.

500 2962 535 2989 Ut
553 2970 577 2989 s.

482 3005 514 3032 Τ.
530 3005 594 3033 11¹¹.

753 322 926 354 JOANNIS
949 321 1067 353 PAPAE
1089 321 1191 352 XXII.
1216 318 1463 359 (1316-1334).
1485 334 1525 340 —
1548 315 1733 346 LITTERAE
1756 313 1981 346 COMMUNES

832 508 965 541 15960.
981 529 1019 534 -—
1038 508 1208 540 Bertrando
1236 507 1328 538 electo
1346 506 1512 537 Nivcrnen.
1530 504 1693 544 indulget.
1722 505 1772 541 ut,
1798 513 1907 545 usque
1933 505 1977 537 ad
2003 505 2129 538 festum
2152 505 2186 537 b.
2210 506 2387 539 Michaelis

784 565 939 606 proxime
958 563 1122 598 futurum,
1140 562 1324 592 consecrat.
1345 567 1470 590 munus
1484 558 1635 598 recipere
1649 557 1790 589 minime
1806 559 1972 590 teneatur.
1986 558 2040 599 (A.
2057 561 2108 598 17,
2123 559 2260 596 f.244¹²;
2284 558 2317 591 V.
2335 561 2387 599 73,

784 627 801 650 e
830 642 836 649 .
857 619 944 649 1097.

804 617 965 699 Ι)15961).
985 686 1023 691 -
1041 667 1198 698 Dominico
1222 665 1374 696 Dominici
1397 664 1533 696 collatio
1559 672 1676 695 canon.
1699 664 1762 696 sub
1783 673 1880 704 exsp.
1901 664 2005 705 praeb.
2025 665 2106 698 eccl.
2133 665 2365 698 Columbrien.
2375 676 2386 704 ;

784 733 850 756 non
867 723 953 755 obst.
972 723 1005 753 in
1028 721 1108 752 0001.
1129 716 1346 759 Portugale'n.
1363 726 1483 750 canon.
1504 718 1537 749 et
1555 716 1672 757 praeb.,
1692 717 1827 757 paroch.
1845 718 1926 750 0001.
1940 711 1981 750 s.
2000 718 2133 752 Nicolai
2149 719 2340 756 Santaren.,
2354 721 2388 752 et

784 778 819 808 in
843 776 923 808 eccl.
943 784 971 806 s.
992 775 1119 810 Crenae,
1137 772 1243 812 ejusd.
1261 772 1327 803 loci
1353 771 1545 808 Santaren.‚
1561 770 1767 803 Ulixbonen.
1795 771 1855 808 di.,
1873 771 2021 812 quadam
2042 780 2138 812 perp.
2161 773 2328 813 portione.
2348 789 2387 795 —

783 830 809 861 I.
834 838 862 860 e.
881 838 924 860 m.
950 828 1075 859 decano
1097 825 1326 865 Portugalen.,
1350 825 1383 855 et
1406 824 1506 855 Petro
1529 823 1570 855 de
1592 823 1750 862 Tofaliis,
1777 825 1966 865 Agennen.,
1993 833 2031 856 ac
2049 825 2175 857 «Ioanni
2196 825 2386 864 Michaelis,

783 882 988 915 Ulixbonen.
1006 889 1079 911 can.
1096 878 1175 910 0001.
1195 878 1247 917 (A.
1273 879 1321 915 17,
1341 877 1363 908 f.
1385 878 1444 908 245
1459 882 1490 915 ⁸3
1513 877 1548 908 V.
1564 878 1613 915 73,
1630 885 1682 917 ep.
1705 877 1821 918 1101.)5

830 931 964 963 15962.
989 951 1027 955 -—
1051 932 1139 973 Ep.o
1162 930 1364 968 Lomberien.,
1384 935 1412 961 et
1430 930 1534 971 priori
1556 929 1592 961 de
1610 930 1763 972 Paynsas,
1790 930 2002 963 Convenarum
2022 930 2079 970 di.,
2097 941 2133 962 ac
2153 931 2286 964 thesaur.
2313 932 2386 964 eccl.

783 988 976 1019 Suessionen.
997 986 1110 1017 mand.
1128 987 1165 1016 ut
1180 984 1424 1025 Raymundum
1438 984 1478 1015 de
1496 983 1650 1021 Lambis,
1669 984 1748 1016 cler.
1769 984 1984 1022 Lomberien.
2002 985 2063 1022 di.,
2084 985 2191 1026 recipi
2209 985 2336 1017 faciant
2352 986 2388 1017 in

784 1050 855 1072 can.
873 1041 1018 1071 monast.
1036 1040 1194 1075 Fuscen„
1214 1037 1252 1069 Ο.
1273 1038 1306 1069 S.
1326 1038 1379 1075 Α.,
1395 1037 1643 1077 Appamiarum
1659 1037 1705 1069 di.
1726 1037 1778 1078 (A.
1799 1039 1849 1075 17,
1864 1037 1888 1069 f.
1907 1039 1967 1070 254
1982 1043 2014 1076 ⁸;
2037 1037 2071 1069 V.
2087 1039 2137 1077 73,
2151 1047 2204 1079 ep.
2223 1039 2327 1078 1164.)

830 1090 964 1123 15963.
983 1109 1021 1114 —-
1037 1092 1074 1123 S.
1097 1091 1240 1123 Venanlii
1254 1090 1291 1122 de
1309 1090 1467 1121 Fabriano
1483 1096 1512 1121 ec
1526 1101 1550 1121 s.
1574 1091 1735 1122 Laurentii
1755 1090 1793 1122 de
1806 1101 1832 1121 s.
1851 1090 2002 1130 Natollia,
2016 1090 2209 1123 Camerinen.
2226 1091 2285 1130 di.,
2297 1092 2388 1133 prio-

782 1146 877 1182 ribus,
898 1156 933 1176 ac
950 1145 1068 1176 Thomae
1090 1145 1127 1176 de
1148 1145 1261 1182 Labro,
1279 1154 1346 1176 can.
1363 1143 1437 1175 eccl.
1458 1144 1592 1182 lemtim„
1615 1145 1728 1176 mand.
1747 1146 1785 1176 ut
1800 1145 1952 1185 recipere
1973 1144 2098 1177 faciant
2115 1146 2288 1178 Andream
2303 1145 2388 1178 Puc-

782 1200 911 1231 ciarelli
928 1200 968 1231 de
987 1208 1015 1231 S.
1031 1198 1194 1236 Natollia,
1212 1198 1292 1230 cler.
1317 1197 1486 1230 Camerin.
1505 1197 1566 1233 di.,
1588 1198 1623 1229 in
1644 1207 1735 1230 mon.
1765 1199 1910 1230 monast.
1932 1207 1960 1230 s.
1987 1198 2109 1240 Angeli
2129 1198 2220 1231 infra
2241 1199 2386 1237 Ostiam,

781 1253 819 1285 O.
835 1253 868 1284 S.
889 1254 941 1290 B.,
960 1253 1058 1283 dietae
1072 1252 1117 1283 di.
1136 1252 1187 1293 (A.
1216 1254 1264 1290 17,
1288 1251 1312 1282 f.
1332 1252 1389 1282 221
1409 1256 1440 1288 ²5
1463 1251 1499 1283 V.
1521 1253 1570 1289 73,
1589 1260 1641 1292 ep.
1661 1253 1766 1290 1277.)

827 1303 962 1336 15964.
982 1324 1021 1328 -
1038 1306 1203 1347 Archipr.,
1221 1311 1249 1337 ec
1264 1305 1379 1341 Joanm·
1398 1304 1434 1336 de
1453 1305 1699 1346 Montesperello,
1717 1305 1874 1344 Perusin.,
1898 1316 1934 1336 ac
1956 1305 2072 1337 Buzolo
2087 1305 2124 1337 de
2142 1305 2271 1344 Parma,
2295 1305 2388 1348 Papa!

781 1370 859 1401 cap„
883 1359 1047 1392 Tornacen.
1073 1359 1144 1390 eccl.
1162 1369 1245 1396 can„
1264 1359 1377 1390 mand.
1398 1359 1436 1390 ut
1458 1358 1609 1399 recipere
1625 1358 1750 1391 faciant
1767 1359 1908 1391 Petrum
1925 1359 2090 1398 Paulutii,
2114 1359 2196 1391 cler.
2215 1359 2386 1396 Perusin.‚

780 1414 813 1445 in
831 1423 903 1445 000.
923 1415 1020 1445 extra
1035 1421 1215 1444 numerum
1232 1413 1379 1444 monast.
1394 1421 1422 1443 s.
1440 1413 1610 1444 Mustiolae
1626 1421 1732 1453 prope
1749 1413 1918 1451 Clusium,
1934 1413 1973 1445 O.
1990 1413 2023 1445 S.
2042 1413 2084 1445 A.
2101 1413 2154 1453 (A.
2173 1415 2224 1451 17,
2240 1412 2264 1444 f.
2282 1414 2343 1446 279
2354 1418 2386 1451 ·;

786 1467 820 1498 V.
841 1469 889 1505 73,
908 1476 960 1507 ep.
980 1467 1084 1506 1333.)

827 1519 963 1551 15965.
983 1539 1020 1544 -
1038 1520 1182 1552 Bartutio
1205 1519 1362 1557 Amat-ulii
1377 1519 1490 1551 collat.
1509 1528 1627 1551 canon.
1646 1519 1727 1552 0001.
1749 1519 1878 1552 Clusin.
1901 1519 1964 1551 sub
1987 1528 2084 1561 exsp.
2101 1519 2206 1561 praeb.
2225 1521 2259 1552 et
2273 1519 2387 1552 benet.
2435 1541 2438 1542 ν

781 1583 807 1605 c.
832 1584 860 1606 c.
878 1574 932 1606 vel
948 1584 975 1606 s.
996 1583 1037 1612 0.,
1057 1575 1098 1606 0(1
1114 1574 1227 1605 collat.
1252 1573 1321 1613 ep.i
1338 1573 1469 1605 Clusin.
1492 1573 1629 1613 pertin,
1654 1573 1690 1604 in
1711 1573 1804 1605 civit.
1822 1573 1876 1605 vel
1898 1573 1944 1604 di.
1964 1573 2095 1606 Clusin.
2118 1591 2158 1597 --
2178 1574 2205 1605 I.
2222 1582 2252 1605 e.
2271 1582 2317 1605 m.
2335 1582 2388 1605 ar-

780 1628 885 1667 chipr.
901 1629 933 1659 et
947 1629 967 1659 J
970 1628 1071 1659 oanni
1087 1628 1128 1659 de
1144 1627 1420 1667 Montesperello,
1438 1627 1610 1664 perusin„
1630 1635 1668 1658 ac
1683 1626 1814 1658 Buxolo
1829 1627 1869 1658 de
1883 1627 2020 1665 Parma,
2037 1627 2138 1667 Papae
2153 1635 2240 1667 cap„
2257 1627 2384 1659 Torna-

779 1691 851 1713 cen.
869 1681 949 1712 eccl.
967 1690 1039 1712 000.
1062 1681 1115 1721 (A.
1135 1683 1183 1718 17,
1202 1681 1225 1711 f.
1241 1682 1300 1712 233
1314 1680 1346 1717 ὓς
1369 1680 1404 1711 V.
1428 1682 1476 1716 73,
1494 1689 1547 1720 ep.
1567 1680 1671 1720 1334.)

826 1733 963 1765 15966.
983 1753 1022 1758 -
1043 1734 1120 1766 Abb.
1136 1738 1263 1764 monast.
1280 1744 1305 1764 s.
1321 1733 1480 1764 Benedicti
1496 1733 1532 1764 de
1549 1733 1669 1764 Gualdo
1682 1737 1711 1763 et
1725 1734 1830 1774 priori
1846 1743 1871 1764 s.
1897 1733 2038 1765 Venantii
2053 1733 2090 1765 de
2103 1733 2272 1771 Fabriano,
2288 1733 2386 1766 Nuce-

778 1790 841 1820 rin.
866 1794 895 1819 ec
923 1788 1113 1819 Camerinen.
1138 1788 1194 1825 di.,
1218 1797 1252 1818 ac
1278 1786 1397 1818 Thomae
1415 1787 1452 1818 de
1476 1787 1591 1823 Labra,
1610 1797 1677 1818 can.
1700 1787 1822 1818 [teatin.
1845 1787 1931 1823 eccl„
1949 1788 2063 1819 mand.
2083 1788 2122 1819 ut
2142 1787 2249 1828 recipi
2261 1786 2387 1820 faciant

778 1843 928 1874 Maffiam
955 1842 1062 1873 filiam
1086 1851 1118 1872 n.
1139 1851 1169 1873 v.
1196 1841 1358 1878 Gontelli,
1375 1841 1447 1872 d.ni
1470 1841 1511 1872 de
1526 1841 1720 1881 Podioglee,
1744 1840 1905 1872 Nucerin.
1927 1841 1988 1880 di.,
2006 1841 2042 1872 in
2061 1849 2151 1873 mon.
2175 1841 2321 1873 monast.
2344 1841 2386 1873 de

779 1905 806 1927 s.
825 1896 1020 1936 Margarita,
1037 1895 1076 1927 Ο.
1093 1896 1127 1927 S.
1144 1895 1263 1931 Clarae,
1280 1902 1384 1934 prope
1402 1893 1607 1934 Eugubium.
1626 1894 1677 1932 (A.
1699 1896 1748 1931 17,
1766 1893 1789 1925 f.
1805 1895 1864 1926 285
1879 1899 1910 1931 ⁸3
1933 1893 1966 1925 V.
1984 1896 2034 1932 73,
2052 1903 2104 1934 ep.
2125 1894 2232 1935 1345.)

825 1947 961 1978 15967.
981 1966 1019 1971 -
1035 1948 1185 1980 Andr-tolo
1199 1947 1284 1978 Balli
1298 1947 1335 1978 de
1349 1947 1475 1978 Bitonio
1491 1947 1628 1979 collatio
1642 1956 1760 1978 canon.
1776 1947 1840 1978 sub
1851 1956 1948 1988 exsp.
1962 1947 2066 1988 praeb.
2081 1947 2160 1979 0001.
2177 1956 2205 1979 s.
2222 1947 2386 1980 Venantii

778 2003 818 2034 de
836 2002 1017 2037 Fabriano,
1033 2001 1245 2033 Camerinen.
1266 2001 1312 2032 di.
1328 2019 1365 2024 —
1382 2000 1409 2031 Ι.
1429 2009 1458 2032 0.
1477 2009 1524 2031 111.
1541 2000 1618 2031 abb.
1635 2002 1780 2031 monast.
1802 2009 1830 2032 s.
1851 2000 2027 2032 Benedicti
2044 2001 2086 2032 de
2100 2000 2245 2038 Gualdo,
2264 2002 2296 2033 et
2315 2000 2385 2040 ple·

777 2056 864 2087 bano
882 2055 992 2096 plebis
1010 2056 1050 2086 de
1074 2064 1102 2086 s.
1129 2054 1292 2092 Natollia‚
1316 2054 1479 2086 Nucerin.
1506 2055 1539 2085 et
1557 2054 1771 2085 Camerinen.
1799 2053 1859 2092 di.,
1881 2063 1919 2085 00
1941 2054 2078 2086 Thomae
2098 2054 2139 2086 (10
2163 2053 2287 2090 Labi-o,
2310 2062 2384 2086 can.

778 2110 913 2142 Reatin.
932 2109 1013 2140 0001.
1033 2109 1084 2146 (Α.
1104 2110 1154 2144 17,
1171 2108 1194 2139 f.
1211 2109 1270 2139 285
1288 2107 1317 2146 ὓ,-
1338 2108 1374 2139 V.
1393 2109 1443 2143 73,
1459 2116 1512 2147 ep.
1531 2109 1633 2146 1346.)

824 2160 959 2192 15968.
976 2180 1015 2185 -
1033 2162 1150 2199 Oscen.‚
1174 2161 1313 2192 Vasaten.
1331 2166 1360 2192 et
1376 2161 1496 2202 Aquen.
1517 2161 1595 2202 ep.is
1610 2161 1723 2192 mand.
1737 2162 1775 2192 ut
1789 2160 2031 2193 executoribus
2046 2161 2243 2193 testamenti
2257 2160 2383 2201 quond.

777 2217 979 2256 Margaritae,
999 2215 1258 2247 vicecomitissae
1275 2215 1413 2246 Bearnii
1429 2216 1462 2246 et
1477 2214 1677 2250 Marchiani‚
1697 2214 1866 2246 auxilium
1888 2214 2062 2254 praebeant
2082 2215 2199 2246 contra
2215 2214 2385 2246 Joannam

777 2270 989 2301 comitissam
1007 2269 1096 2301 Fuxi
1121 2278 1158 2300 00
1182 2267 1471 2300 vicecomitissam
1494 2268 1631 2300 Bearnii
1650 2269 1683 2299 et
1707 2268 1906 2305 Marchiani,
1927 2276 2030 2308 super
2051 2267 2251 2299 executione
2274 2267 2384 2308 eJusd.

777 2323 974 2355 testamenti
989 2323 1100 2362 quoad
1117 2331 1157 2353 ea
1179 2331 1253 2362 quae
1273 2322 1314 2352 ad
1332 2322 1444 2353 forum
1460 2322 1648 2353 ecclesiast.
1664 2322 1835 2361 pertinere
1856 2323 2055 2353 noscuntur.
2081 2322 2132 2360 (A.
2159 2323 2208 2358 17,
2227 2321 2251 2352 f.
2271 2323 2331 2353 333
2351 2320 2384 2357 ”5

783 2377 818 2408 V.
836 2379 886 2413 73,
904 2385 956 2416 ep.
974 2376 1080 2415 1437.)

825 2427 959 2459 15969.
973 2447 1012 2452 -
1025 2429 1111 2470 Epo
1128 2429 1323 2467 Urbevetan.‚
1341 2428 1464 2460 rectori
1482 2427 1687 2460 patrimonii
1702 2428 1735 2459 b.
1751 2428 1843 2460 Petri
1860 2428 1896 2459 in
1909 2428 2044 2465 Tuscia,
2063 2427 2176 2459 mand.
2194 2428 2231 2459 ut
2249 2429 2386 2460 moneat

777 2484 917 2515 Petrum
931 2483 1060 2514 dictum
1073 2483 1113 2514 de
1130 2482 1246 2519 Cellis,
1261 2491 1367 2513 unum
1384 2491 1427 2513 ex
1443 2482 1534 2513 d.nis
1551 2482 1591 2513 de
1606 2482 1765 2518 Farneto,
1782 2481 1908 2513 laicum
1921 2481 2075 2513 Castren.
2089 2481 2150 2519 di.,
2167 2481 2237 2521 qui,
2254 2481 2386 2521 paratis

778 2537 928 2574 insidiIS,
948 2536 1201 2568 Benentendem
1219 2535 1295 2566 abb.
1316 2536 1462 2567 monast.
1490 2543 1517 2567 s.
1538 2535 1632 2566 Petri
1656 2534 1692 2566 in
1716 2534 1855 2574 Campo,
1885 2535 1957 2566 ord.
1977 2534 2226 2572 Camaldulen.,
2249 2534 2383 2566 Clusin.

779 2590 839 2628 di.,
858 2590 894 2621 in
909 2589 1031 2621 itinere
1049 2589 1124 2628 capi
1142 2589 1221 2620 fecit
1241 2589 1273 2620 et
1286 2588 1496 2620 carceratum
1512 2588 1640 2619 detinet
1655 2587 1691 2619 in
1705 2587 1822 2619 odium
1839 2587 1912 2619 litis
1927 2587 2017 2619 inter
2033 2596 2092 2619 eos
2107 2588 2272 2620 vertentis
2292 2596 2383 2620 occa-

779 2644 876 2675 sione
893 2643 1117 2683 quorumdam
1137 2643 1326 2673 castrorum
1349 2643 1382 2673 et
1401 2641 1547 2673 aliorum
1566 2641 1709 2681 jurium,
1727 2642 1765 2672 ut
1783 2641 1914 2672 dictum
1932 2640 2010 2673 abb.
2029 2640 2181 2673 libertati
2204 2641 2382 2679 restituam

779 2697 933 2737 alioquin
947 2705 1025 2728 eum
1042 2695 1373 2728 excommunicatum
1389 2694 1525 2735 publice
1541 2694 1685 2726 nuntiet.
1703 2695 1756 2734 (A.
1773 2696 1823 2731 17,
1840 2694 1863 2725 f.
1883 2696 1940 2727 196
1956 2700 1986 2729 a;
2010 2694 2045 2726 V.
2065 2697 2115 2732 73,
2130 2704 2183 2735 ep.
2202 2695 2307 2736 1093.)

826 2747 964 2780 15970.
982 2767 1020 2772 -
1039 2748 1177 2790 Officiali
1196 2748 1358 2780 Cacumen.
1379 2748 1492 2779 mand.
1510 2749 1559 2784 ut,
1577 2748 1725 2780 instante
1743 2748 1915 2780 Galhardo
1934 2749 1976 2779 de
1999 2748 2203 2787 Lauzaraco,
2219 2757 2315 2788 perp.
2334 2748 2382 2780 vi·

780 2804 871 2835 cario
887 2803 967 2835 eccl.
985 2802 1119 2842 paroch.
1142 2802 1182 2833 de
1198 2802 1426 2842 Limelgarda,
1446 2801 1484 2834 O.
1502 2801 1536 2833 S.
1550 2802 1602 2838 B.,
1617 2802 1795 2833 Caturcen.
1812 2801 1872 2839 di.,
1889 2802 2040 2842 assignet
2055 2810 2238 2842 congruam
2255 2801 2383 2842 portio-

780 2865 857 2888 nem
882 2865 977 2896 perp.
997 2855 1171 2895 capellano
1187 2864 1247 2886 seu
1263 2855 1391 2886 vicario
1414 2854 1510 2886 dictae
1527 2855 1607 2886 0001.
1625 2854 1665 2886 (10
1681 2854 1872 2886 redditibus
1891 2854 2054 2894 ejusdem.
2080 2855 2134 2894 (A.
2158 2856 2208 2892 17,
2225 2854 2247 2885 f.
2271 2856 2330 2885 244
2348 2853 2381 2892 ¹‘3

787 2910 820 2941 V.
837 2912 886 2946 73,
911 2918 963 2949 ep.
983 2910 1086 2947 1098.)

827 2960 961 2991 15971.
975 2981 1013 2986 --
1030 2962 1258 2994 Confirmatur
1270 2962 1391 2993 electio
1406 2960 1590 2999 Salomonis,
1607 2970 1698 2993 mon.
1716 2962 1861 2993 monast.
1879 2960 2109 2997 Montissacri,
2123 2961 2167 2993 ad
2177 2961 2218 2994 P..
2232 2961 2272 2992 E.
2286 2961 2381 2993 nullo

780 3017 893 3047 medio
911 3016 1049 3056 pertin,
1076 3016 1114 3048 Ο.
1140 3015 1172 3047 S.
1192 3015 1244 3053 B.,
1264 3015 1432 3055 Sipontin.
1452 3015 1512 3052 di.,
1538 3016 1571 3047 et
1592 3015 1719 3055 prioris
1747 3015 1919 3055 prioratus
1944 3024 1971 3046 s.
2003 3014 2186 3055 Hippolyti
2211 3014 2380 3055 Fagitan.,
