2592 3528
224 447 331 474 Datum
347 429 529 473 Avenione‘.

337 499 419 507 .—-—-

265 534 303 562 23
320 533 389 561 maii
404 531 492 560 1322.

278 579 309 614 (x
327 577 387 605 kal.
406 576 482 612 jun.)

287 622 318 651 T.
338 622 385 655 XI,
405 620 478 648 XIII.

342 745 376 773 Ut
395 753 418 772 s.

287 791 318 818 T.
337 790 384 824 XI,
403 789 475 817 XIII.

263 959 305 987 25
323 959 392 987 maii
410 958 498 987 1322.

264 1007 331 1041 (vm
350 1003 409 1031 kal.
425 1002 502 1039 jun.)

274 1490 315 1519 28
329 1491 398 1518 maii
414 1489 493 1518 1322

294 1537 324 1569 (v
338 1535 398 1562 kal.
411 1534 488 1570 jun.)

333 1580 363 1607 T.
381 1579 437 1607 XX.

347 1756 382 1784 Ut
401 1764 424 1783 s.

337 1802 367 1828 T.
383 1801 439 1829 XL.

346 1917 383 1945 Ut
406 1925 431 1945 ε.

327 1962 357 1989 Τ.
379 1961 434 1988 XL.

348 2076 386 2104 Ut
411 2084 436 2104 s.

341 2120 372 2148 T.
390 2120 446 2147 XL.

354 2235 390 2262 Ut
407 2243 430 2262 s.

343 2279 373 2306 T.
393 2278 447 2306 XL.

353 2393 389 2422 Ut
410 2402 434 2421 s.

338 2437 370 2466 T.
392 2437 447 2465 XL.

356 2550 393 2578 Ut
407 2558 432 2578 s.

291 2595 341 2623 Gr.
353 2603 405 2630 pro
420 2594 499 2622 card.

359 2762 396 2790 Ut
412 2769 436 2789 s.

326 2806 359 2834 T.
382 2806 477 2834 XXIV.

359 2973 394 3002 L't
414 2981 438 3001 s,

330 3016 365 3044 T.
379 3017 474 3044 XXIV.

589 349 762 381 JOANNIS
785 349 903 379 PAPAE
925 348 1027 379 XXII.
1053 349 1289 387 (1316-1334)
1325 366 1363 379 τ-
1386 348 1571 378 LITTERAE
1594 348 1818 379 COMMUNES
1839 396 1842 399 ,
2175 353 2214 382 97

668 525 802 557 15456.
822 546 859 550 -
876 526 1038 558 Guillelmo
1057 526 1176 563 Caneri,
1193 527 1273 558 cler.
1291 526 1485 558 Narbonem.
1505 527 1563 563 di„
1581 528 1688 566 gratia
1707 536 1802 567 exsp.
1818 528 1927 559 benef.
1946 529 2059 560 saecul.
2076 538 2103 559 c.
2121 539 2148 560 c.
2166 530 2219 561 vel

623 590 650 612 s.
668 590 696 612 c.
714 582 785 622 (100
801 581 824 612 l.
843 582 894 619 t.),
914 580 955 611 ad
969 579 1045 611 abb.
1063 582 1095 612 et
1113 588 1208 611 conv.
1223 581 1370 611 monast.
1389 580 1561 618 Crassen,
1580 580 1618 612 Ο.
1640 580 1673 611 S.
1689 581 1741 618 B.‚
1760 581 2003 612 Carcassonen.
2029 582 2088 619 di.,
2106 583 2216 614 collat.

622 635 744 675 pertin.
762 653 799 657 —
815 634 842 666 Ι.
867 642 895 665 e.
913 642 959 664 m.
975 633 1098 664 Joanni
1117 634 1158 664 de
1175 633 1298 670 Rocca,
1316 633 1545 672 Neapolitan.,
1567 635 1599 664 et
1620 633 1823 673 Berengario
1841 634 1881 664 de
1905 635 2064 674 Olargiis,
2082 644 2119 666 ac
2142 636 2219 666 Ber-

623 687 728 719 nardo
746 688 787 718 de
804 687 1023 724 Carcassona,
1038 685 1232 718 Narbonen.
1251 694 1323 717 can.
1341 685 1422 717 eccl.
1442 686 1493 723 (A.
1513 688 1560 722 17,
1580 686 1602 716 f.
1619 687 1678 717 340
1695 691 1723 722 a;
1752 687 1787 717 V.
1806 689 1855 724 73,
1875 696 1926 726 ep.
1946 689 2047 727 1446.)

670 737 807 771 15457.
825 757 863 761 -
879 738 1040 770 Guillelmo
1060 738 1222 770 Bervenlza
1242 738 1356 770 collat.
1374 747 1491 770 canon.
1515 738 1578 770 sub
1598 748 1692 778 exsp.
1713 739 1816 778 praeb.
1836 740 1916 771 eccl.
1936 749 1964 771 s.
1980 741 2078 771 Pauli
2096 741 2222 772 Narbo-

624 803 725 830 nen.;
745 802 810 825 non
824 793 911 824 obst.
931 793 1010 824 eccl.
1028 801 1056 823 s.
1074 792 1248 824 Saturnini
1260 792 1300 823 de
1317 792 1466 829 Brassia,
1485 801 1510 822 s.
1523 801 1564 831 c.,
1582 792 1726 824 Electen.
1740 793 1784 824 di.
1801 811 1838 815 —
1852 794 1877 824 I.
1898 802 1926 824 e.
1941 802 1986 824 m.
1999 802 2086 834 mag.
2101 794 2223 825 Joanni

625 847 666 879 de
683 848 804 891 Rocca,
818 846 1046 886 Neapolitan.,
1066 854 1104 876 ac
1117 845 1322 885 Berengario
1340 845 1380 875 de
1407 845 1556 885 Olargiis
1579 854 1615 876 ac
1641 846 1743 876 Petro
1771 846 1811 877 de
1829 846 2014 884 Viridario‚
2030 846 2222 878 Narbonen.

626 909 698 933 can.
720 900 800 931 eccl.
818 900 872 938 (A.
890 901 938 937 17,
958 899 980 930 f.
1000 901 1054 930 341
1071 903 1100 936 ¹²3
1124 898 1156 929 V.
1175 900 1224 935 73,
1242 907 1295 938 ep.
1315 899 1419 937 1447.)

673 950 808 984 15458.
830 970 868 976 -
884 951 1058 983 Bertrando
1076 952 1124 982 tit.
1140 961 1165 982 s.
1191 951 1298 982 Vitalis
1314 951 1416 992 presb.
1447 951 1532 982 card.
1561 951 1680 983 collata
1705 952 1770 983 fuit
1787 952 2012 992 praepositura
2028 955 2172 984 monast.
2196 962 2224 984 s.

626 1006 801 1039 Benedicti
818 1007 968 1046 Capuan.
986 1014 1046 1045 per
1061 1014 1164 1045 praep.
1182 1005 1275 1036 soliti
1290 1004 1382 1045 gub„
1397 1005 1435 1037 O.
1453 1005 1486 1036 S.
1505 1005 1554 1043 B.‚
1573 1005 1771 1036 Cassinensi
1786 1007 1947 1042 monast„
1963 1007 2004 1037 ad
2017 1007 2058 1038 R.
2076 1007 2114 1037 E.
2132 1007 2227 1038 nullo

628 1060 739 1092 medio
758 1059 895 1100 pertin,
913 1059 994 1090 dicti
1010 1058 1094 1093 ord.,
1110 1058 1305 1090 immediate
1324 1057 1475 1098 subjecta
1493 1059 1569 1097 post
1586 1058 1668 1089 obit.
1682 1059 1878 1098 Raymundi
1892 1059 1932 1090 de
1948 1059 2142 1100 Rupevaria
2152 1068 2224 1099 cap.

628 1115 661 1146 et
674 1113 780 1145 famil.
796 1112 860 1144 sui.
869 1113 997 1144 Verum
1010 1111 1090 1152 quia
1101 1111 1134 1142 in
1148 1111 1274 1142 litteris
1284 1111 1429 1151 desuper
1441 1111 1611 1151 expeditis
1622 1120 1743 1143 nomen
1755 1112 1935 1143 Bertrandi
1946 1112 2019 1144 loco
2031 1113 2228 1154 Raymundi

629 1166 823 1207 appositum
842 1165 974 1203 fuisset,
991 1164 1148 1196 Pontifex
1168 1164 1272 1204 igitur
1287 1164 1439 1195 decernit
1453 1164 1631 1203 praedictas
1649 1165 1715 1196 litt.
1728 1165 1869 1204 perinde
1889 1166 2002 1197 valere
2015 1175 2051 1197 ac
2068 1166 2097 1197 si
2112 1166 2228 1197 nullus

629 1229 724 1252 error
741 1219 822 1250 dicti
839 1218 989 1250 nominis
1005 1218 1039 1249 in
1055 1218 1185 1249 eisdem
1201 1218 1383 1249 extitisset.
1402 1217 1454 1258 (A.
1473 1219 1522 1255 17,
1540 1218 1563 1248 f.
1581 1219 1639 1248 144
1654 1218 1686 1255 δ;
1711 1218 1747 1249 V.
1768 1220 1817 1256 73,
1835 1227 1887 1258 ep.
1905 1219 1990 1259 911.)

677 1270 812 1302 15459.
831 1289 868 1294 -
884 1272 1048 1308 Isernien.,
1063 1276 1091 1302 et
1103 1271 1240 1303 Lesinen.
1258 1271 1333 1311 ep.i,
1347 1281 1381 1300 ac
1397 1270 1464 1301 abb.
1485 1276 1614 1302 monast.
1633 1281 1658 1301 s.
1674 1271 1804 1302 Joanm's
1817 1271 1849 1301 in
1869 1271 1990 1309 Veneri,
2011 1272 2150 1304 Thealin.
2170 1273 2228 1310 di„

632 1326 754 1358 dantur
771 1326 808 1356 ut
827 1325 960 1365 judices
981 1325 1237 1356 conservatores
1257 1323 1333 1354 abb.
1352 1327 1384 1355 et
1404 1333 1499 1355 conv.
1522 1326 1666 1356 monast.
1683 1333 1711 1355 s.
1729 1324 1879 1364 Spiritus
1899 1334 2004 1365 prope
2020 1326 2230 1363 Sulmonem,

633 1380 674 1411 ad
691 1380 733 1411 R.
754 1379 792 1410 E.
819 1378 913 1410 nullo
939 1378 1051 1409 medio
1077 1377 1213 1417 pertin..
1232 1377 1270 1409 O.
1297 1377 1331 1409 S.
1350 1378 1390 1414 B,
1414 1377 1555 1408 Valven.
1580 1377 1639 1415 di„
1666 1377 1763 1417 cujus
1786 1378 1924 1418 quidem
1947 1379 2092 1410 monast.
2112 1379 2231 1410 beatus

633 1433 757 1464 Petrus
774 1432 814 1463 de
829 1432 988 1463 Murrone
1003 1430 1116 1462 extitit
1133 1430 1320 1461 institutor.
1339 1430 1390 1467 (A.
1409 1431 1457 1466 16,
1476 1430 1497 1461 f.
1515 1431 1574 1461 208
1588 1430 1617 1468 b;
1643 1430 1674 1462 V.
1693 1432 1743 1468 73,
1762 1440 1815 1470 ep.
1833 1431 1938 1468 1477.)

678 1482 812 1514 15460.
832 1501 870 1507 —-
884 1484 971 1524 Ep.o
989 1482 1296 1524 Quinqweccbesien„
1319 1487 1348 1513 et
1361 1493 1458 1524 praep.
1477 1493 1513 1513 ac
1531 1483 1647 1514 Joanm·
1660 1483 1697 1514 de
1715 1484 1821 1520 Reate,
1846 1493 1914 1516 can.
1933 1484 2005 1515 eccl.
2027 1485 2229 1525 Zayrubien„

631 1539 744 1570 mand.
762 1539 799 1569 ut
814 1537 1018 1577 compellant
1033 1545 1151 1568 omnes
1167 1536 1337 1567 debitores
1355 1536 1537 1576 Augustini
1554 1537 1622 1576 epi
1642 1537 1840 1577 Zagrabien.
1860 1547 1912 1577 ap.
1930 1538 1962 1569 S.
1978 1539 2019 1569 A.
2037 1539 2077 1570 de
2094 1539 2230 1570 Pontifi-

631 1593 681 1623 cis
696 1592 854 1623 mandato
870 1589 1111 1622 commorantis
1129 1590 1171 1621 ad
1194 1598 1346 1620 summas
1376 1590 1594 1629 pecuniarum
1620 1590 1685 1621 eid.
1711 1599 1785 1630 ep.0
1804 1592 1873 1622 tam
1890 1591 2020 1623 ratione
2037 1592 2232 1623 reddituum

632 1645 675 1677 ad
691 1653 844 1677 mensam
861 1652 958 1675 suam
975 1643 1212 1684 spectantium,
1235 1651 1336 1683 quam
1354 1643 1439 1674 alias
1457 1642 1589 1674 debitas
1614 1643 1805 1675 solvendas.
1823 1644 1875 1684 (A.
1901 1646 1949 1679 16,
1970 1644 1991 1676 f.
2009 1646 2046 1676 41
2069 1645 2100 1682 ¹³3
2129 1645 2160 1675 V.
2181 1648 2231 1683 73,

632 1708 684 1739 ep.
707 1700 785 1735 129:
805 1697 963 1734 Theiner,
979 1697 1176 1728 Monumenta
1192 1696 1338 1726 historica
1354 1695 1532 1737 Hunqmiae,
1551 1697 1575 1727 t.
1591 1697 1618 1734 Ι,
1635 1705 1667 1736 p.
1685 1698 1756 1734 479,
1771 1698 1843 1728 doc.
1862 1697 2091 1736 DCCXXXI.)

679 1749 812 1781 15461.
829 1769 868 1774 -
883 1751 928 1782 De
943 1749 1069 1791 Sybelq,
1092 1749 1252 1781 Colonien.
1269 1749 1326 1786 di.‚
1354 1753 1383 1779 et
1402 1759 1426 1780 s.
1445 1749 1560 1780 Albani
1579 1754 1667 1780 extra
1692 1760 1795 1780 muros
1814 1750 2003 1790 Maquntin„
2025 1761 2061 1781 ac
2075 1762 2100 1783 s.
2125 1752 2234 1783 Jacobi

634 1811 721 1837 extra
737 1814 838 1835 muros
852 1803 997 1835 Leodien.
1011 1807 1139 1834 monast.
1151 1802 1219 1834 abb.
1237 1803 1360 1834 dantur
1373 1804 1408 1833 ut
1419 1803 1551 1841 judices
1569 1805 1824 1835 conservatores
1839 1803 1914 1835 abb.
1930 1805 1962 1835 et
1976 1813 2071 1835 conv.
2086 1807 2230 1837 monast.

632 1859 769 1891 Veteris
783 1857 920 1896 Montis,
939 1857 1081 1889 Cisterc.
1102 1856 1188 1894 ord.,
1211 1856 1386 1887 Colonien.
1408 1856 1452 1887 di.
1470 1856 1522 1896 (A.
1545 1858 1593 1894 16,
1612 1856 1635 1886 f.
1657 1858 1715 1887 217
1733 1861 1763 1892 ‘¹3
1789 1857 1823 1887 V.
1841 1859 1892 1895 73,
1910 1866 1961 1897 ep.
1981 1859 2040 1889 368
2057 1859 2110 1896 D.)

680 1909 813 1941 15462.
834 1927 870 1934 -
882 1911 919 1941 S.
938 1909 1070 1941 Andreae
1091 1909 1306 1947 Wormacien.,
1319 1914 1347 1939 ec
1360 1919 1383 1939 s.
1399 1909 1560 1939 Trinitatis
1577 1919 1611 1939 ac
1624 1919 1649 1939 s.
1661 1909 1822 1947 Arnualis,
1839 1910 1950 1941 Meten.
1968 1910 2023 1947 di„
2037 1911 2147 1942 decani
2161 1913 2231 1942 eccl.

634 1966 756 1997 dantur
774 1966 811 1995 ut
823 1964 955 2005 judices
971 1964 1228 1994 conservatores
1244 1962 1320 1994 abb.
1338 1964 1369 1993 et
1384 1971 1479 1993 conv.
1500 1964 1645 1994 monast.
1665 1963 1699 1993 in
1716 1953 1910 2003 Otterburg,
1928 1964 2125 1995 Cistercien.
2148 1966 2232 2002 ord.,

633 2018 821 2058 Maguntin.
840 2017 885 2048 di.
904 2017 955 2056 (A.
976 2019 1025 2054 16,
1044 2016 1066 2047 f.
1084 2018 1143 2047 217
1159 2021 1188 2052 ⁸;
1210 2016 1245 2047 V.
1261 2018 1311 2053 73,
1328 2024 1380 2055 ep.
1397 2016 1456 2047 368
1477 2015 1530 2054 Ε.)

682 2068 816 2101 15463.
839 2089 876 2093 -
897 2069 1109 2110 Ηενόἰροὶεη.,
1129 2073 1158 2099 et
1174 2069 1210 2099 S.
1233 2069 1276 2100 M.
1299 2068 1340 2099 ad
1363 2068 1478 2108 qradus
1502 2069 1690 2108 Maquntin„
1717 2079 1752 2099 ac
1771 2069 1807 2099 S.
1825 2069 1867 2099 M.
1886 2069 1928 2099 ad
1941 2070 2057 2109 qradus
2075 2070 2232 2102 Colonien.

635 2125 706 2156 eccl.
728 2124 837 2155 decani
858 2124 982 2154 dantur
999 2124 1035 2154 ut
1048 2122 1182 2162 judices
1197 2123 1452 2153 conservatores
1470 2121 1546 2153 abb.
1569 2123 1601 2153 et
1617 2130 1712 2153 conv.
1738 2123 1884 2153 monast.
1906 2123 1940 2154 in
1960 2123 2146 2161 Eberbach,
2163 2125 2234 2156 Cis-

634 2180 715 2210 terc.
737 2178 821 2215 ord.,
845 2176 1032 2216 Maguntin.
1050 2175 1096 2206 di.
1113 2175 1168 2216 (A.
1193 2177 1240 2213 16,
1262 2175 1286 2206 f.
1303 2176 1363 2206 218
1379 2180 1410 2211 ³3
1434 2175 1469 2206 V.
1492 2176 1542 2212 73,
1560 2184 1612 2214 ep.
1630 2176 1689 2206 368
1705 2175 1760 2215 G.)

682 2227 818 2261 15464.
836 2248 873 2252 -
891 2228 1060 2268 Colonien.,
1076 2233 1104 2259 et
1114 2228 1341 2266 Padeburnen.‚
1355 2238 1389 2258 ac
1405 2238 1429 2258 ⁸.
1448 2227 1975 2268 Bartholomaez'Franckenfordem„
1991 2229 2164 2270 Maqzmtin.
2177 2230 2232 2269 dez,

636 2285 709 2316 eccl.
729 2283 836 2314 decani
857 2283 978 2314 dantur
994 2283 1030 2313 ut
1041 2281 1175 2322 judices
1189 2282 1446 2312 conservatores
1461 2280 1536 2312 abb.
1557 2283 1589 2312 et
1603 2290 1698 2312 conv.
1718 2284 1863 2313 monast.
1879 2282 1914 2312 in
1928 2283 2077 2322 Hegene,
2092 2283 2232 2315 Cisterc.

637 2338 721 2373 ord.,
740 2336 926 2377 Maguntin.
944 2335 990 2366 di.
1007 2335 1060 2376 (A.
1082 2336 1130 2372 16,
1150 2334 1173 2367 f.
1191 2335 1251 2366 218
1268 2334 1298 2370 ¹’3
1321 2334 1354 2366 V.
1381 2336 1430 2371 73,
1455 2342 1506 2374 ep.
1521 2335 1580 2366 368
1597 2335 1653 2374 Η.)

683 2387 818 2419 15465.
831 2408 868 2412 -
884 2388 1097 2429 Ηενὸἰροῖεη.,
1113 2392 1141 2418 et
1158 2387 1193 2419 S.
1210 2388 1251 2418 M.
1268 2387 1308 2418 ad
1318 2387 1434 2428 qradus
1443 2387 1632 2428 Maqunlin„
1650 2398 1685 2418 ac
1704 2387 1896 2428 Vetslarien.,
1917 2388 2078 2421 Treveren.
2094 2389 2150 2427 di„
2163 2389 2234 2420 eccl.

637 2443 746 2475 decani
763 2443 886 2474 dantur
901 2443 939 2473 ut
951 2441 1083 2482 judices
1107 2441 1364 2472 conservatores
1392 2440 1468 2472 abb.
1495 2441 1527 2472 et
1550 2449 1646 2472 conv.
1663 2443 1808 2472 monast.
1827 2442 1862 2472 in
1884 2442 2072 2482 Arnsburg,
2094 2443 2234 2474 Cisterc.

639 2498 724 2534 ord.,
740 2495 928 2536 Maguntin.
947 2495 993 2526 di.
1016 2495 1067 2534 (A.
1085 2496 1134 2531 16,
1151 2493 1174 2524 f.
1192 2495 1252 2525 218
1269 2493 1300 2531 ¹¹3
1327 2493 1360 2524 V.
1380 2495 1429 2531 73,
1449 2502 1500 2533 ep.
1516 2495 1576 2526 638
1593 2494 1635 2533 Ι.)

687 2547 821 2580 15466.
841 2566 879 2571 -
892 2548 974 2588 May.
992 2547 1131 2588 Napoleo
1147 2547 1183 2578 de
1206 2547 1283 2588 filiis
1303 2546 1374 2577 Ursi
1395 2547 1433 2578 de
1451 2546 1542 2584 Urbe,
1565 2546 1682 2577 archid.
1702 2547 1738 2578 de
1757 2548 1922 2588 Campinia
1940 2548 1971 2578 ἱη
1987 2549 2057 2579 eccl.
2082 2548 2237 2588 Leodien„

640 2603 708 2635 PP.
724 2607 801 2640 noe„
814 2608 843 2633 et
863 2601 1120 2633 Weslmonasterii
1133 2610 1236 2642 prope
1252 2600 1437 2638 Londonias,
1450 2599 1526 2631 etde
1538 2600 1714 2641 Stratford‚
1730 2601 1920 2632 Londom'en.
1938 2601 1994 2639 di„
2009 2607 2139 2634 monast.
2156 2603 2239 2639 abb„

641 2657 765 2689 dantur
781 2657 819 2688 ut
834 2655 966 2696 judices
982 2655 1238 2686 conservatores
1253 2655 1375 2685 Joanni
1394 2663 1421 2685 s.
1438 2654 1607 2686 Theodori
1624 2654 1710 2686 diae.
1732 2655 1822 2687 card.
1849 2655 1937 2686 circa
1959 2656 2138 2687 archidiac.
2158 2656 2239 2688 eccl.

640 2710 865 2743 Conventren.
885 2709 938 2750 (A.
957 2710 1007 2746 16,
1031 2708 1053 2739 f.
1071 2709 1130 2740 465
1146 2707 1178 2744 ¹³3
1201 2707 1236 2739 V.
1258 2709 1307 2745 73,
1326 2716 1378 2747 ep.
1398 2707 1483 2746 772.)

688 2760 823 2794 15467.
840 2780 878 2786 -
893 2761 1065 2803 Praeposito
1081 2760 1152 2792 eccl.
1180 2760 1418 2798 Wratislavien„
1435 2761 1561 2792 vicario
1580 2761 1616 2792 in
1632 2761 1870 2801 spiritualibus
1887 2761 1995 2802 ejusd.
2016 2763 2110 2800 eccl.‚
2128 2763 2240 2794 mand.

642 2818 680 2848 ut
702 2816 875 2856 dispenset
887 2815 923 2846 in
938 2815 1087 2846 matrim.
1101 2814 1172 2854 jam
1187 2815 1357 2846 contracto
1368 2814 1456 2845 inter
1467 2814 1659 2846 Conradum
1672 2814 1790 2846 ducem
1803 2815 1986 2846 Slesvicen.
2005 2817 2036 2847 et
2054 2816 2242 2852 Elisabeth,

643 2870 749 2901 filiam
766 2869 906 2900 Henrici
921 2868 1018 2899 ducis
1033 2867 1306 2905 Wratislavien.‚
1323 2867 1386 2899 IV⁸
1402 2867 1622 2907 consanguin.
1639 2868 1729 2899 linea
1744 2867 1952 2908 conjunctos.
1971 2868 2026 2908 (A.
2048 2870 2096 2905 17,
2115 2869 2137 2900 f.
2156 2870 2195 2900 65
2211 2874 2243 2907 ²3

650 2922 682 2954 V.
701 2925 752 2958 73,
771 2931 822 2962 ep.
842 2923 924 2958 8863
941 2921 1098 2958 Theiner,
1115 2919 1308 2951 Monumenea
1325 2920 1470 2951 historica
1484 2919 1632 2958 Poloniae,
1650 2922 1675 2951 t..
1694 2921 1719 2957 Ι,
1736 2929 1768 2960 p.
1789 2922 1857 2958 175,
1880 2921 1951 2952 doc.
1981 2921 2172 2959 CCLXVI.)

693 2972 828 3005 15468.
846 2993 884 2998 ——
898 2974 1045 3010 Henrico,
1062 2973 1133 3004 duci
1147 2973 1255 3004 Slesiae
1271 2978 1299 3004 et
1317 2973 1391 3004 dnm
1416 2972 1628 3010 Wratislaviae,
1645 2979 1671 3004 et
1689 2973 1787 3003 Annae
1802 2973 1900 3003 viduae
1914 2973 2083 3003 Hermanni
2097 2974 2245 3005 marchio-

647 3029 694 3059 nis
710 3027 978 3068 Brandeburqen.‚
993 3028 1024 3059 et
1038 3026 1148 3058 sorori
1163 3026 1329 3058 Friderici
1343 3026 1440 3058 ducis
1455 3026 1603 3058 Austriae
1621 3026 1655 3057 in
1669 3034 1846 3057 romanum
1861 3034 1973 3066 regem
1987 3026 2085 3058 electi
2101 3027 2245 3066 supplic.

363 3077 508 3107 JOANNJS
527 3080 612 3109 xxn.
631 3097 665 3102 -
683 3082 714 3109 Τ.
735 3081 783 3109 1v.
2075 3079 2108 3106 13
