2592 3528
235 391 338 419 Datum
354 384 535 418 Avenione.

237 491 255 519 7
267 490 359 527 (000.)
375 493 428 518 oct.
445 490 534 518 1321.

287 536 332 563 Gr.
350 543 400 570 pro
413 535 480 562 Deo.

210 703 229 731 8
245 683 313 739 (vin
326 702 381 737 id.)
395 705 448 731 oct.
466 702 553 730 1321.

286 748 333 775 Gr.
350 755 400 782 pro
420 747 486 775 Deo.

342 969 377 996 Ut
397 977 420 997 s.

280 1013 328 1041 Gr.
345 1021 396 1048 pro
413 1013 480 1040 Deo.

338 1234 373 1262 Ut
394 1243 418 1262 s.

324 1278 355 1305 T.
375 1279 430 1306 Lx.

342 1341 378 1369 Ut
393 1349 417 1368 s.

317 1386 347 1413 T.
369 1385 437 1413 XVI.

338 1500 374 1528 Ut
393 1509 416 1528 s.

301 1545 332 1574 T.
351 1545 448 1573 XXIV.

209 1606 228 1634 9
243 1608 297 1641 (vn
313 1606 367 1642 id.)
381 1610 435 1635 oct.
456 1606 544 1635 1321.

315 1651 346 1679 Τ.
367 1651 437 1679 XVI.

335 1766 371 1794 Ut
387 1775 413 1795 s.

320 1811 351 1838 T.
372 1811 429 1838 XX.

337 1872 373 1900 Ut
393 1881 417 1900 s.

285 1917 315 1944 T.
330 1917 376 1952 XI,
390 1918 462 1946 XIII.

202 2035 237 2062 10
258 2038 301 2071 (vx
315 2035 367 2072 id.)
386 2039 440 2064 oct.
461 2035 549 2065 1321.

317 2080 348 2108 T.
370 2080 429 2108 XII.

330 2193 366 2221 Ut
391 2202 415 2222 s.

311 2238 341 2265 T.
363 2238 434 2265 XVI.

333 2300 369 2328 Ut
386 2309 410 2328 s.

267 2344 298 2372 T.
315 2345 372 2379 XX,
392 2345 474 2372 XXII.

328 2512 365 2541 Ut
384 2521 408 2540 s.

294 2557 326 2585 T.
347 2557 444 2586 XVIII.

331 2725 368 2753 Ut
388 2734 412 2753 s.

256 2769 287 2797 T.
302 2770 373 2804 XVI,
387 2770 483 2798 XVIII.

333 2937 370 2966 Ut
385 2946 408 2965 s.

276 2981 307 3009 T.
327 2981 373 3016 XI,
390 2982 461 3010 XIII.

592 295 765 327 JOANNIS
788 294 907 325 PAPAE
929 294 1030 325 XXII.
1055 294 1304 333 (1316-1334).
1327 301 1366 316 -—'
1388 293 1574 324 LITTERAE
1598 293 1821 325 COMMUNES
2185 301 2222 330 13

668 486 803 518 14531.
828 505 866 510 -
884 487 968 528 Ep.o
988 485 1130 518 Fesulan.
1145 490 1172 516 et
1187 486 1288 526 priori
1307 485 1340 515 0.
1359 485 1396 515 F.
1409 485 1447 516 P.
1466 484 1636 515 Florentia.
1655 485 1768 516 mand.
1785 486 1822 516 ut
1837 488 2052 526 compescant
2069 496 2128 527 per
2145 497 2221 520 cen-

622 551 737 574 suram
755 541 903 581 priorem
922 542 954 571 et
971 540 1112 571 clericos
1127 548 1188 570 seu
1203 539 1382 570 canonicos
1400 538 1479 569 eccl.
1499 547 1526 569 s.
1544 538 1720 570 Laurentii
1737 539 1922 570 Florentin.
1942 539 2166 579 impedientes
2180 551 2221 574 ne

621 596 769 627 Joannes
785 594 926 626 Armeni
941 595 974 625 et
992 603 1023 624 v1
1043 593 1165 624 fratres
1183 592 1257 632 ejus
1275 592 1436 628 consocii,
1455 592 1526 623 ord.
1547 600 1574 622 s.
1604 591 1735 628 Basilii,
1754 592 1940 623 oratorium
1963 594 1995 623 et
2014 593 2220 626 cimiterium

621 649 711 680 infra
726 649 815 679 dicta
832 647 968 687 paroch.
985 646 1163 678 aedificent.
1183 646 1234 684 (A.
1256 647 1303 683 16,
1324 645 1346 675 f.
1366 646 1406 676 88
1423 644 1458 681 ¹³3
1481 645 1517 676 V.
1535 647 1585 682 73,
1602 654 1654 684 ep.
1673 646 1737 683 39.)

666 698 801 731 14532.
819 719 856 724 —-
873 700 984 731 Mand.
1002 709 1070 740 ep.o
1087 699 1230 730 Parmen.
1245 701 1282 729 ut
1299 698 1375 730 abb.
1392 699 1425 729 et
1442 707 1536 729 conv.
1554 699 1698 729 monast.
1718 699 1758 729 de
1775 698 1915 734 Cavara.
1933 699 1973 731 Ο.
1991 699 2025 731 S.
2044 701 2096 735 Β.,
2114 701 2222 732 moni-

620 755 710 786 tione
722 755 900 795 praemissa
910 753 1089 793 compellat
1102 762 1144 784 ne
1154 753 1276 783 fratres
1285 752 1451 783 Joannem
1467 751 1591 783 Leonis
1601 752 1741 791 ejusque
1754 752 1865 783 socios
1877 752 1917 783 de
1926 753 2088 784 Armenia
2099 762 2221 793 paupe-

621 817 687 844 res,
701 808 772 839 ord.
786 817 813 838 s.
825 807 959 846 Basilii,
971 807 1005 837 in
1015 806 1107 837 civit.
1121 807 1277 837 Pax-men.
1294 814 1424 836 moram
1438 805 1622 842 trahentes,
1636 805 1823 844 impediant
1837 806 2019 845 quominus
2034 807 2220 838 oratorium

621 862 653 892 et
672 860 877 892 cimiterium
896 861 1094 891 construant
1110 859 1145 889 in
1162 859 1235 890 loco
1250 867 1350 898 quem
1369 859 1524 889 emerunt
1540 858 1575 888 in
1593 858 1751 898 parochia
1767 867 1795 888 s.
1812 858 1946 896 Basilii,
1966 859 2055 891 dicto
2072 861 2220 891 monast.

620 914 782 954 subjecta.
801 913 855 954 (A.
875 915 924 949 16,
944 913 966 944 f.
983 914 1023 944 88
1039 912 1070 949 ι’;
1095 912 1127 942 V.
1147 914 1197 949 73,
1213 921 1265 951 ep.
1283 912 1350 950 38.)

666 964 800 996 14533.
819 984 857 989 -
869 966 1003 1005 Indulg.
1020 976 1036 997 c
1051 966 1183 996 dIerum
1200 964 1419 996 visitantibus
1432 964 1512 995 eccl.
1526 964 1669 995 fratrum
1686 973 1874 1004 pauperum
1891 966 2130 1002 Armenorum,
2147 967 2219 997 ord.

620 1030 648 1053 s.
665 1021 798 1057 Basilii,
815 1021 849 1051 in
867 1020 994 1051 honore
1009 1028 1037 1050 s.
1057 1019 1206 1058 Spiritus
1221 1018 1256 1049 in
1273 1018 1365 1050 civit.
1381 1018 1566 1049 Bononien.
1584 1019 1824 1055 constructam,
1841 1018 1876 1049 in
1892 1018 2090 1050 Nativitatis
2107 1021 2139 1051 et
2157 1020 2220 1051 Re-

620 1074 842 1106 surrectionis
859 1073 951 1111 D.ni‚
969 1082 1006 1104 ac
1023 1073 1242 1104 Pentecostes
1259 1071 1505 1103 festivitatibus
1519 1072 1551 1102 et
1567 1081 1608 1101 x1.
1625 1071 1757 1102 dierum
1773 1080 1834 1111 per
1848 1073 1984 1103 octavas
2002 1072 2082 1103 etin
2098 1072 2218 1104 diebus

618 1127 808 1160 Dominicis
821 1127 1089 1167 quadragesimae
1103 1125 1267 1157 fratribus
1277 1125 1364 1165 ipsis
1373 1125 1548 1156 charitatis
1558 1124 1957 1165 subsidialargientibus.
1972 1125 2025 1165 (A.
2039 1127 2087 1164 16,
2103 1126 2126 1157 f.
2141 1127 2180 1158 89
2189 1132 2218 1163 a;

625 1181 651 1212 V
665 1183 800 1264 1235’33.
818 1181 948 1265 ⁴-O.¹)Ibb.
965 1237 1092 1263 monast.
1111 1243 1133 1264 s.
1152 1232 1322 1272 Genovesae,
1341 1236 1369 1261 et
1388 1231 1541 1262 parisien.
1560 1241 1594 1262 ac
1612 1231 1724 1261 Elnen.
1739 1230 1873 1262 archadi
1888 1231 1959 1262 eccl.
1975 1232 2098 1263 dantur
2114 1234 2151 1264 ut
2164 1233 2218 1272 ju-

618 1288 710 1320 dices
725 1288 981 1319 conservatores
1001 1287 1102 1318 Petro
1119 1294 1194 1325 ep.o
1208 1285 1354 1317 Melden.
1373 1285 1427 1325 (A.
1445 1287 1494 1321 16,
1514 1285 1537 1316 f.
1555 1286 1614 1316 206
1627 1290 1655 1323 ὃ;
1680 1284 1711 1316 V.
1733 1287 1782 1323 73,
1802 1294 1855 1324 ep.
1873 1286 1958 1324 381.)

664 1338 798 1370 14535.
817 1358 854 1363 ——
868 1340 956 1381 Ep.o
971 1339 1169 1370 Matisconen.
1186 1339 1298 1370 mand.
1317 1339 1355 1369 ut
1373 1339 1546 1378 dispenset
1560 1347 1662 1378 super
1677 1343 1724 1368 1vo
1737 1339 1958 1378 consanguin.
1976 1340 2080 1379 gradu
2097 1339 2133 1370 in
2148 1348 2219 1370 ma-

617 1395 709 1426 trim.
726 1393 953 1425 contrahendo
970 1393 1059 1424 inter
1082 1401 1115 1423 n.
1140 1401 1172 1422 v.
1195 1392 1380 1423 Ricardum
1402 1391 1520 1422 d.num
1541 1391 1784 1422 Montisbelleti
1804 1394 1837 1422 et
1855 1392 2087 1432 Margaritam,
2111 1393 2218 1424 filiam

617 1447 740 1488 quond.
761 1446 942 1486 Raynaudi
956 1446 1028 1477 d.ni
1044 1446 1084 1477 de
1100 1445 1260 1481 Buxeria‚
1279 1445 1501 1476 MatiSconen.
1519 1445 1565 1475 di.
1583 1444 1638 1484 (A.
1656 1446 1704 1480 16,
1722 1444 1744 1475 f.
1758 1446 1817 1476 401
1834 1450 1862 1480 ὃς
1887 1445 1922 1476 V.
1940 1447 1990 1483 73,
2009 1455 2061 1486 ep.
2081 1447 2166 1484 632.)

662 1497 798 1530 14536.
813 1518 850 1523 -
869 1500 985 1531 Facul.
1002 1499 1168 1530 Francisco
1186 1508 1254 1539 epo
1269 1498 1444 1530 Ariminen.
1469 1498 1712 1529 tabellionatus
1734 1498 1788 1529 off.
1808 1499 2011 1530 concedendi
2026 1499 2136 1530 trihus
2152 1500 2218 1531 cle-

617 1554 698 1586 ricis
716 1562 781 1585 non
801 1553 1002 1593 conjugatis.
1020 1552 1074 1593 (A.
1093 1554 1142 1589 16,
1159 1552 1182 1582 f.
1201 1553 1260 1583 198
1277 1551 1316 1590 b.)

663 1604 798 1638 14537.
822 1626 861 1630 -
877 1606 991 1638 Mand.
1007 1606 1075 1636 abb.
1091 1610 1118 1636 el
1130 1615 1216 1636 conv.
1235 1608 1363 1635 monast.
1386 1604 1531 1642 Casaedez‘,
1551 1605 1822 1635 praemonstraten.
1842 1605 1921 1642 ord„
1937 1606 2088 1637 Auoeitan.
2108 1606 2163 1643 di..
2180 1608 2218 1638 ut

616 1661 740 1693 fratres
758 1660 796 1692 O.
813 1661 851 1692 P.
875 1660 1057 1700 provinciae
1073 1659 1262 1691 Tolosanae.
1281 1667 1349 1690 non
1366 1658 1554 1698 impediant
1572 1659 1755 1698 quominus
1769 1659 1880 1689 locum
1904 1659 2069 1698 recipiant
2084 1660 2119 1690 in
2135 1660 2218 1691 villa

616 1715 656 1746 de
674 1714 854 1751 Marsiaco,
872 1714 1034 1745 Auxitan.
1052 1713 1111 1750 di.,
1130 1713 1171 1744 ad
1188 1712 1316 1743 dictum
1332 1713 1477 1743 monast.
1495 1711 1616 1751 pertin.
1633 1711 1685 1751 (A.
1705 1713 1752 1749 16,
1770 1711 1792 1742 f.
1808 1711 1889 1748 44113
1913 1712 1948 1743 V.
1972 1715 2021 1750 73,
2041 1721 2092 1752 ep.
2108 1714 2174 1751 43.)

661 1764 796 1796 14538.
812 1784 845 1789 -—
869 1766 1031 1797 Fratribus
1046 1765 1080 1796 O.
1098 1766 1136 1796 P.
1153 1775 1210 1805 per
1225 1765 1367 1796 Tolosan.
1381 1765 1571 1806 provinciam
1581 1765 1753 1795 constitutis
1766 1774 1857 1796 conc.
1877 1765 2015 1797 licentia
2030 1766 2217 1806 recipiendi

615 1821 825 1853 moxdictum
841 1821 963 1851 locum.
984 1820 1035 1859 (A.
1057 1821 1105 1857 16,
1124 1819 1147 1850 f.
1162 1821 1202 1851 44
1218 1818 1249 1855 ¹³3
1279 1818 1311 1850 V.
1332 1821 1382 1855 73,
1400 1827 1452 1858 ep.
1470 1820 1536 1856 44.)

661 1871 797 1904 14539.
816 1891 854 1896 -
872 1873 994 1905 Collat.
1011 1881 1131 1904 canon.
1147 1872 1211 1903 sub
1227 1881 1322 1912 exsp.
1344 1871 1449 1911 praeb.
1474 1880 1550 1902 cum
1566 1872 1812 1911 praestimoniis
1833 1872 1914 1903 eccl.
1931 1872 2122 1912 Egitanien.
2145 1871 2216 1903 Vin-

614 1928 711 1959 centio
728 1927 869 1958 Joannis.
885 1945 923 1950 —
937 1927 963 1957 I.
979 1935 1007 1958 e.
1026 1935 1071 1957 m.
1092 1925 1218 1957 archid.
1236 1926 1276 1957 de
1294 1927 1412 1965 Vouga
1428 1925 1673 1962 Columbrien.‚
1693 1927 1725 1956 et
1740 1925 1907 1956 Roderico
1931 1926 2115 1963 Dominici,
2137 1926 2216 1957 Bra-

614 1981 760 2018 charen.,
780 1990 817 2011 ac
834 1980 1010 2020 Alphonso
1026 1979 1198 2017 Roderici,
1215 1979 1341 2011 Silven.
1362 1987 1434 2009 can.
1452 1978 1533 2010 eccl.
1552 1978 1604 2018 (A.
1621 1980 1670 2014 16,
1689 1978 1711 2008 f.
1728 1980 1767 2010 97
1779 1983 1806 2015 ³3
1830 1978 1862 2010 V.
1878 1980 1927 2016 73,
1945 1987 1996 2019 ep.
2013 1980 2080 2017 64.)

661 2031 796 2065 14540.
814 2051 853 2056 -
869 2033 985 2064 Facul.
1003 2032 1098 2063 Petro
1114 2042 1185 2074 ep.o
1202 2031 1335 2063 Melden.
1354 2041 1515 2063 concessa
1530 2031 1772 2063 reconciliandi
1790 2040 1851 2070 per
1867 2031 1973 2062 alium
1990 2032 2070 2063 eccl.
2091 2033 2124 2063 et
2142 2032 2217 2063 loca

613 2088 802 2120 ecclesiast.
830 2087 956 2118 violata
978 2095 1118 2117 suarum
1144 2085 1236 2117 civit.
1263 2086 1295 2116 et
1314 2085 1373 2123 di„
1398 2094 1506 2124 usque
1525 2085 1567 2115 ad
1588 2084 1783 2116 triennium.
1809 2085 1862 2124 (A.
1883 2086 1932 2123 16,
1955 2085 1977 2115 f.
2003 2087 2039 2117 91
2058 2085 2089 2122 ¹’3
2112 2084 2145 2117 V.
2164 2086 2214 2121 73,

613 2149 665 2180 ep.
681 2142 721 2172 46
737 2142 747 2177 )

658 2190 794 2223 14541.
823 2211 854 2215 -
870 2192 986 2224 Facul.
1005 2191 1154 2223 testandi
1171 2191 1311 2231 praefato
1328 2191 1435 2221 Petro.
1454 2190 1505 2231 (A.
1528 2193 1576 2226 16,
1591 2190 1613 2221 f.
1633 2192 1670 2222 91
1684 2190 1713 2227 b;
1741 2189 1773 2220 V.
1792 2192 1841 2227 73,
1859 2199 1911 2230 ep.
1928 2190 1993 2229 48.)

658 2297 795 2331 14542.
815 2317 853 2322 -
870 2299 985 2331 Facul.
1004 2298 1063 2330 eid.
1079 2308 1148 2339 epo
1173 2306 1334 2330 concessa
1354 2298 1512 2337 exigendi
1537 2297 1750 2328 moderatum
1771 2297 1963 2328 subsidium
1990 2297 2031 2328 ab
2053 2297 2214 2329 omnibus

610 2362 701 2393 pers.
725 2353 913 2384 ecclesiast.
933 2361 1072 2383 suarum
1086 2352 1179 2383 civit.
1197 2353 1230 2382 et
1248 2351 1308 2388 di„
1325 2351 1365 2382 ad
1384 2351 1627 2382 relevationem
1645 2350 1759 2381 oneris
1773 2359 2001 2390 expensarum
2018 2359 2092 2390 quae
2108 2350 2215 2383 subiit

610 2408 748 2447 propter
764 2406 1012 2445 promotionem
1027 2414 1137 2436 suam.
1158 2421 1193 2426 —
1214 2405 1241 2436 1.
1257 2413 1285 2436 e.
1303 2413 1347 2435 m.
1374 2404 1543 2435 Parisien.
1567 2405 1599 2435 et
1625 2404 1743 2435 EInen.
1768 2403 1940 2440 archidds,
1963 2412 2001 2435 ac
2024 2413 2113 2444 mag.
2135 2404 2211 2435 Ber-

609 2460 729 2492 trando
745 2459 926 2497 Bonifacii,
944 2468 1017 2490 can.
1031 2458 1264 2490 Constantien.
1281 2458 1361 2489 eccl.
1380 2458 1432 2497 (Α.
1451 2459 1499 2495 16,
1518 2457 1539 2488 f.
1557 2459 1634 2493 92³3
1658 2457 1690 2488 V.
1711 2459 1760 2490 73,
1781 2466 1832 2497 ep.
1847 2457 1911 2497 49.)

655 2510 790 2543 14543.
810 2530 850 2536 -
866 2512 1049 2544 Concessio
1066 2511 1218 2543 Eoeimino
1231 2511 1390 2552 archiep.o
1409 2511 1613 2542 Terraconen.
1631 2512 1679 2547 ut,
1692 2511 1885 2550 juramento
1902 2519 1962 2550 per
1980 2510 2093 2550 ipsum
2109 2519 2212 2550 praes-

608 2567 670 2599 tito
689 2567 729 2598 de
747 2566 918 2598 visitanda
933 2566 967 2598 S.
985 2566 1025 2597 A.
1047 2565 1145 2596 60015
1161 2564 1308 2605 singulis
1332 2573 1400 2596 non
1422 2564 1522 2601 obst.,
1541 2564 1581 2595 de
1599 2564 1746 2595 trIennio
1767 2564 1802 2595 in
1826 2564 2011 2595 triennium
2033 2564 2213 2595 dumtaxat

607 2629 668 2660 per
682 2629 718 2651 se
735 2620 788 2651 vel
807 2619 881 2660 ejus
896 2619 1057 2650 nuncium
1071 2619 1166 2658 juxta
1183 2618 1322 2650 solitum
1336 2618 1463 2649 dictam
1478 2618 1599 2649 Sedem
1615 2618 1755 2649 visitare
1772 2617 1938 2655 teneatur,
1956 2617 1998 2648 ad
2011 2617 2120 2648 instar
2135 2626 2214 2649 con-

608 2673 774 2706 cessionis
791 2673 947 2713 Gregorii
965 2673 1033 2704 PP.
1050 2673 1082 2704 Χ
1103 2673 1155 2712 (A.
1174 2673 1222 2709 16,
1242 2671 1264 2702 f.
1283 2671 1380 2707 101b;
1405 2671 1441 2703 V.
1460 2673 1509 2709 73,
1529 2680 1582 2710 ep.
1598 2672 1663 2710 80.)

654 2723 789 2756 14544.
804 2744 843 2748 -
862 2725 973 2756 Eidem
988 2725 1110 2756 indult.
1122 2726 1159 2756 ut
1175 2726 1249 2756 octo
1266 2725 1347 2756 cler.
1363 2724 1474 2764 ipsius
1487 2724 1666 2755 domestici
1680 2725 1712 2756 et
1725 2723 1845 2760 famil„
1858 2723 2021 2763 quamdiu
2037 2722 2212 2763 obsequiis

608 2780 681 2820 ejus
698 2779 898 2816 institerint,
918 2779 1049 2810 fructus
1071 2779 1224 2810 omnium
1242 2777 1353 2810 benef.
1378 2774 1521 2809 suorum
1538 2777 1665 2817 absque
1684 2776 1869 2808 residentia
1886 2776 2059 2816 percipere
2075 2776 2210 2807 valeant

608 2841 716 2873 usque
732 2833 774 2864 ad
786 2832 985 2864 triennium.
998 2849 1034 2854 —
1055 2832 1082 2863 Ι.
1095 2841 1125 2863 6.
1141 2841 1186 2862 m.
1202 2831 1329 2863 archid.
1343 2831 1503 2868 Ilerden.‚
1518 2832 1551 2862 et
1568 2830 1719 2861 sacristae
1736 2830 1974 2866 Terraconen.,
1989 2838 2026 2860 ac
2038 2828 2209 2860 Bernardo

609 2886 650 2917 de
669 2885 937 2923 Plicamanibus,
955 2894 1029 2917 can.
1053 2885 1161 2925 ejusd.
1179 2885 1326 2916 Ilerden.
1341 2884 1421 2915 eccl.
1439 2884 1493 2924 (A.
1513 2885 1561 2920 16,
1581 2883 1603 2913 f.
1624 2884 1678 2914 101
1697 2882 1725 2920 ῦς
1749 2882 1786 2914 V.
1804 2884 1855 2919 73,
1872 2891 1923 2922 ep.
1943 2882 2007 2919 81.)

655 2935 792 2968 14545.
811 2956 849 2961 -—
863 2939 982 2970 Gratia
997 2947 1095 2978 exsp.
1112 2937 1223 2969 benef.
1243 2947 1270 2969 c.
1290 2946 1317 2968 c.
1342 2937 1395 2968 vel
1416 2946 1444 2967 s.
1468 2946 1495 2968 c.
1515 2936 1651 2968 etiamsi
1670 2936 1775 2975 dign„
1792 2936 2006 2974 personatus,
2024 2934 2206 2973 prioratus,

608 2991 802 3023 administr.
821 3000 880 3023 seu
898 2992 953 3023 off.
975 2991 1078 3022 fuerit
1096 2991 1138 3022 ad.
1156 2991 1268 3022 collat.
1289 2990 1367 3021 abb.
1384 2992 1416 3022 et
1433 2999 1529 3021 conv.
1548 2990 1691 3020 monast.
1711 2989 1750 3019 de
1770 2997 1797 3019 s.
1816 2987 1947 3028 Egidio,
1967 2988 2005 3019 Ο.
2025 2987 2058 3018 S.
2076 2987 2127 3023 Β.,
2142 2987 2205 3018 Ne·
