2592 3528
270 475 374 503 Datum
392 469 577 503 Avenione.

252 575 272 603 4
285 579 328 612 (iv
341 575 490 612 non.)jttl.
505 573 594 603 1322.

383 787 419 815 Ut
438 795 462 814 s.

387 893 423 922 Ut
437 902 461 921 s.

387 1105 424 1133 Ut
444 1113 467 1132 s.

382 1477 416 1506 Ut
444 1485 468 1506 s·

390 1690 426 1718 Ut
442 1698 466 1718 s.

260 1904 278 1933 8
291 1903 358 1940 (vm
371 1903 423 1935 id.)
434 1902 492 1938 jul.
508 1902 596 1930 1322.

319 2275 358 2302 21
372 2274 430 2309 jul.
451 2273 538 2302 1322.

320 2319 375 2354 (x11
390 2317 449 2346 kal.
467 2318 547 2354 aug.)

396 2484 433 2512 Ut
453 2493 477 2512 s.

394 2641 432 2670 Ut
451 2650 476 2670 s.

397 2853 435 2882 Ut
454 2861 478 2882 s.

649 383 823 414 JOANNIS
846 383 964 413 PAPAE
986 383 1088 413 XXII.
1113 368 1362 422 (1316—1334).
1384 401 1423 406 —
1446 383 1631 414 LITTERAE
1655 384 1706 414 DE
1728 384 1851 415 CURlA
2204 389 2262 418 163

714 570 851 603 16140.
871 590 909 594 -
925 573 1068 603 Ministro
1080 573 1271 614 provinciali
1287 573 1320 604 O.
1348 573 1383 603 F.
1403 574 1445 604 Μ.
1464 574 1497 603 in
1517 584 1611 614 reqno
1627 574 1780 605 Armeniae
1797 576 1910 606 mand.
1935 577 1972 607 ut
1988 577 2127 608 Joannae
2143 577 2267 617 reginae

666 626 836 657 Armeniae
849 627 934 657 duos
954 626 1076 657 fraires
1092 627 1146 657 sui
1164 627 1236 658 ord.
1254 626 1427 663 concedat,
1443 627 1500 666 qui
1516 635 1601 663 eam,
1627 627 1662 658 in
1684 627 1738 658 his
1765 637 1839 667 quae
1864 636 1935 659 suae
1951 629 2073 660 salutis
2091 630 2268 661 commoda

667 679 860 719 contingere
876 681 1031 719 possunt,
1047 679 1217 710 instruent
1234 680 1266 710 et
1282 679 1476 710 informent.
1496 680 1549 719 (A.
1570 682 1618 716 17,
1638 680 1661 711 f.
1681 681 1740 712 386
1757 686 1785 716 ⁸3
1808 680 1840 711 V.
1867 683 1918 718 73,
1942 690 1994 721 ep.
2012 683 2052 713 69
2069 683 2108 719 A,
2127 682 2164 712 de
2177 692 2241 713 cur.
2257 692 2266 718 3

667 732 786 767 Eube1‚
801 731 978 764 ,Baliarium
998 732 1240 762 Franciscanum
1255 734 1279 764 t.
1298 733 1339 767 V,
1359 741 1391 772 p.
1409 733 1479 769 226,
1497 741 1529 763 n.
1545 732 1631 772 467.)

714 782 848 815 16141.
872 804 910 809 -
933 785 1040 816 Priori
1052 785 1241 826 provinciali
1262 785 1296 815 O.
1315 785 1350 817 F.
1376 786 1412 815 P.
1439 786 1473 816 in
1499 786 1588 817 dicto
1613 795 1715 826 regno
1741 787 1852 818 mand.
1878 787 1968 818 idem
1991 787 2043 826 (A.
2061 789 2110 823 17,
2130 787 2151 818 f.
2167 789 2267 823 386³;

673 838 708 869 V.
727 840 778 876 73,
794 847 846 878 ep.
864 841 904 871 69
920 839 958 875 Β,
976 838 1012 869 de
1029 840 1106 877 cur.)

715 889 851 921 16142.
865 909 904 914 -
921 891 1040 922 Amelio
1057 892 1126 923 abb.
1143 896 1271 922 monast.
1289 902 1313 923 s.
1332 891 1500 922 Saturnini
1520 891 1672 929 Tolosam,
1692 893 1792 932 Papae
1810 901 1894 932 cap„
1914 893 2071 924 Marchiae
2088 893 2266 924 Anconita-

669 953 719 976 nae
734 945 867 980 rectori,
888 945 999 976 mand.
1018 946 1055 976 ut
1071 945 1174 984 Papae
1191 945 1401 976 transmittat
1425 953 1606 984 processus
1632 954 1693 985 per
1715 946 1829 985 ipsum
1851 946 1986 977 habitos
2003 947 2120 977 contra
2138 946 2267 978 Callen.

669 999 701 1029 et
721 998 848 1029 Fanen.
869 998 950 1029 olim
969 1007 1064 1037 ep.os
1083 1007 1120 1029 ac
1139 998 1215 1029 abb.
1242 998 1367 1038 quond.
1392 1007 1420 1029 s.
1439 998 1627 1029 Patriniani
1644 999 1771 1029 Fanen.
1794 998 1946 1030 fautores
1974 999 2210 1030 haereticorum
2228 999 2269 1030 de

669 1051 912 1082 Monteferetro
923 1052 956 1082 et
967 1051 1112 1082 aliorum
1126 1051 1167 1082 de
1182 1051 1302 1082 haeresi
1320 1051 1592 1090 dampnatorum.
1605 1051 1658 1092 (A.
1672 1053 1721 1090 17,
1738 1052 1761 1082 f.
1774 1052 1833 1083 386
1845 1051 1873 1088 ὓς
1892 1052 1927 1083 V.
1941 1054 1991 1089 73,
2006 1061 2059 1091 ep.
2073 1053 2124 1089 72,
2137 1052 2173 1082 de
2189 1053 2269 1090 cur.)

716 1101 851 1134 16143.
872 1122 910 1126 -
924 1104 1092 1144 ΛνοΙιίερ.ο
1113 1103 1257 1134 Tharsen.
1277 1105 1390 1135 mand.
1406 1106 1456 1141 ut,
1473 1104 1600 1143 praevia
1617 1105 1841 1144 inquisitione
1859 1113 1962 1144 super
1974 1105 2048 1145 J'ure
2071 1106 2269 1144 patronatus

670 1158 760 1198 quod
775 1158 913 1197 quidam
929 1158 1020 1188 cives
1035 1158 1191 1192 Januen.,
1209 1158 1244 1188 in
1258 1157 1386 1197 Ayacio
1402 1159 1662 1194 commorantes,
1681 1158 1715 1188 in
1729 1158 1808 1189 eccl.
1829 1166 1857 1189 s.
1875 1158 2051 1190 Laurentii
2070 1158 2110 1189 de
2127 1158 2268 1198 Ayacio‚

669 1210 880 1242 Mamistren.
899 1211 959 1248 di.,
976 1210 1103 1241 dudum
1123 1219 1182 1250 per
1197 1211 1235 1242 Ρ.
1253 1211 1291 1242 P.
1311 1210 1462 1242 ecclesiae
1477 1211 1689 1242 Mamistren.
1713 1211 1820 1247 unita,
1840 1211 1963 1242 habere
1979 1211 2205 1251 praetendunt,
2222 1212 2271 1251 ip-

670 1272 728 1295 sos
755 1264 935 1304 compellat
955 1264 997 1294 ad
1021 1263 1158 1295 Thomae
1185 1264 1355 1303 archiep-o
1375 1264 1585 1295 Mamistren.
1615 1264 1725 1295 eamd.
1747 1264 1826 1296 eccl.
1859 1264 2106 1302 dimittendam,
2131 1264 2210 1296 licet
2228 1264 2270 1295 ab

670 1317 795 1347 unione
817 1316 1013 1356 hujusmodi
1033 1316 1075 1347 ad
1096 1317 1129 1348 S.
1155 1317 1196 1347 A.
1219 1316 1465 1356 appellaverint
1487 1318 1520 1347 et
1546 1316 1606 1347 lite
1632 1318 1798 1356 pendente
1826 1316 2137 1348 administratorem
2159 1317 2270 1356 ipsius

670 1369 764 1406 eccl.,
779 1369 1173 1409 pereumd.archiep.um
1189 1369 1399 1408 deputatum,
1415 1369 1579 1401 violenter
1591 1370 1631 1400 de
1642 1370 1717 1409 ipsa
1726 1370 1898 1409 ejecerint,
1914 1370 2020 1401 alium
2033 1370 2269 1401 constituendo

670 1422 705 1453 in
719 1431 759 1453 ea
778 1422 999 1453 sacerdotem.
1018 1422 1071 1462 (A.
1091 1424 1140 1459 17,
1158 1422 1181 1453 f.
1197 1423 1256 1454 386
1270 1422 1301 1459 ¹³3
1325 1422 1360 1454 V.
1374 1424 1423 1459 73,
1444 1431 1496 1462 ep.
1514 1424 1563 1460 73,
1581 1422 1617 1453 de
1635 1426 1713 1461 cur.)

716 1472 852 1504 16144.
873 1492 911 1496 -
930 1474 1092 1513 Potestati,
1115 1476 1285 1515 capitaneo,
1313 1475 1463 1512 ancianis,
1489 1475 1614 1506 consilio
1639 1480 1667 1506 et
1689 1476 1840 1506 communi
1863 1476 2033 1507 Bononien.
2057 1476 2170 1507 mand.
2195 1477 2232 1507 ut
2252 1485 2271 1507 a

669 1528 942 1568 participatione,
959 1529 1162 1560 commercio
1189 1529 1221 1560 et
1244 1529 1483 1560 communione
1506 1529 1664 1560 Rainaldi
1681 1530 1713 1560 et
1727 1529 1902 1568 opizonis,
1928 1529 2010 1560 olim
2036 1529 2270 1560 marchionum

672 1581 800 1619 Esten.,
819 1590 857 1612 ac
879 1581 1115 1613 universitatis
1133 1582 1337 1619 Ferrarien„
1355 1582 1393 1612 E.
1413 1583 1453 1613 R.
1473 1581 1666 1619 rebellium,
1686 1591 1722 1613 se
1746 1582 1948 1613 abstineant.
1977 1582 2029 1621 (A.
2049 1584 2098 1618 17,
2126 1582 2147 1613 f.
2162 1584 2218 1613 431
2240 1582 2271 1620 l‘;

676 1635 713 1666 V.
730 1636 780 1670 73,
799 1643 852 1673 ep.
871 1636 920 1672 78,
941 1633 977 1664 de
994 1636 1074 1672 eur.)
1363 1672 1366 1677 ι

718 1685 855 1717 16145.
874 1705 909 1710 --
925 1687 1111 1728 Maqnifi'cus
1128 1688 1174 1717 υἱν
1191 1687 1382 1724 Bosseithan,
1394 1688 1562 1728 imperator
1578 1687 1604 1718 T
1602 1693 1789 1723 amarorum,
1803 1690 1940 1728 rogatur
1953 1689 1990 1719 ut
2008 1697 2100 1719 more
2118 1688 2271 1728 progeni-

670 1742 783 1772 torum
798 1750 936 1772 suorum
952 1740 995 1772 ad
1009 1741 1042 1772 S.
1059 1742 1100 1772 A.
1124 1742 1156 1772 et
1174 1741 1215 1772 ad
1233 1749 1346 1781 regem
1362 1741 1513 1772 Franoiae
1529 1741 1666 1772 nuntios
1678 1741 1803 1778 mittat,
1822 1742 1880 1781 qui
1895 1742 1996 1781 Papae
2011 1741 2166 1772 devotam
2180 1741 2273 1773 exhi-

670 1794 771 1826 beant
785 1794 1023 1831 reverentiam,
1039 1795 1159 1826 etcum
1172 1794 1262 1826 dicto
1275 1802 1352 1834 rege
1367 1794 1552 1826 amicitiam
1567 1795 1740 1826 renovent.
1760 1795 1809 1832 (A.
1823 1797 1872 1832 17,
1890 1795 1911 1825 f.
1924 1796 1984 1825 432
1995 1794 2023 1831 Ι),
2045 1794 2076 1825 V.
2088 1796 2137 1831 73,
2154 1803 2207 1834 ep.
2221 1796 2271 1831 81,

672 1847 709 1878 de
721 1850 801 1886 cur.)

718 1898 853 1929 16146.
873 1918 912 1923 -
926 1901 1009 1941 May.
1026 1899 1187 1931 Guillelmo
1204 1900 1241 1931 de
1258 1899 1397 1938 Balaelo,
1415 1900 1542 1931 archid.
1562 1900 1783 1940 Forojulien„
1808 1900 2001 1940 Campaniae
2025 1900 2273 1940 Maritimaeque

673 1954 807 1992 rectori,
826 1954 974 1985 mittitur
991 1962 1172 1993 processus
1190 1955 1307 1985 contra
1321 1954 1554 1990 Franciscum,
1580 1954 1675 1990 cler„
1705 1955 1738 1985 et
1758 1954 1898 1984 Petrum
1919 1962 1957 1984 ac
1980 1954 2158 1991 Joannem,
2176 1955 2274 1985 natos

673 2008 798 2047 quond.
817 2007 951 2039 Nicolai
968 2007 1121 2046 Capociae
1135 2007 1176 2038 de
1192 2006 1395 2043 Frusinone,
1408 2007 1514 2038 laicos
1535 2007 1697 2038 Verulan.
1715 2007 1774 2043 di.,
1793 2006 1929 2038 habitus
1942 2008 2080 2046 propter
2096 2015 2274 2038 excessum

673 2060 709 2091 in
724 2060 896 2097 Pontium,
914 2069 1018 2099 praep.
1034 2061 1173 2099 Apten„
1188 2060 1288 2099 Papae
1302 2059 1451 2090 thesaur.
1469 2059 1503 2090 in
1517 2060 1709 2099 Campaniae
1720 2059 1966 2099 Maritimaeque
1979 2059 2175 2099 provinciis,
2188 2068 2276 2090 com-

673 2113 819 2144 missum
829 2123 838 2150 ;
855 2122 930 2144 cum
945 2114 1058 2144 mand.
1074 2115 1111 2144 ut
1127 2113 1226 2144 illum
1240 2113 1280 2143 ad
1298 2113 1452 2152 ipsorum
1470 2113 1625 2144 notitiam
1641 2113 1812 2152 perducat.
1827 2130 1865 2135 --
1879 2112 2056 2149 Francisco,
2073 2112 2158 2148 cler.,
2174 2117 2204 2143 et
2216 2113 2274 2143 Pe-

675 2171 721 2196 tro
738 2176 773 2196 ac
786 2166 914 2203 loanni,
930 2166 1011 2196 natis
1027 2165 1140 2206 quond.
1165 2165 1288 2196 Nicolai
1322 2164 1465 2206 Capociae
1490 2165 1526 2196 de
1551 2165 1733 2201 Frusinone,
1762 2165 1850 2195 laicis
1878 2165 2018 2196 Ver-ulan.
2035 2164 2091 2202 di.,
2113 2165 2272 2204 spiritum

675 2219 811 2251 consilii
830 2219 987 2250 sanioris.
1009 2219 1061 2258 (A.
1084 2221 1132 2256 17,
1149 2219 1173 2250 f.
1195 2219 1253 2251 383
1269 2218 1360 2250 b-385
1377 2218 1408 2256 b;
1437 2219 1474 2250 V.
1494 2221 1543 2255 73,
1558 2227 1610 2258 ep.
1628 2220 1678 2256 66,
1695 2218 1731 2248 de
1746 2219 1825 2256 cur.)

722 2269 857 2302 16147.
879 2290 918 2295 -
934 2271 1018 2312 May.
1034 2271 1196 2312 Aymerico
1211 2271 1248 2302 de
1277 2271 1474 2309 Castrolucii,
1499 2272 1622 2302 rectori
1644 2271 1826 2310 provinciae
1845 2271 2089 2308 Romandiolae,
2106 2271 2220 2302 mand.
2237 2272 2274 2302 ut

675 2325 856 2364 compellat
875 2334 1053 2356 commune
1073 2325 1271 2356 Cesenaten.
1293 2325 1335 2356 ad
1351 2325 1551 2356 solvendum
1567 2325 1696 2364 integre
1713 2325 1809 2355 illam
1827 2324 1977 2364 pecuniae
1990 2332 2158 2355 summam
2173 2332 2275 2364 quam

676 2387 817 2411 camerae
833 2378 941 2418 apost.
961 2378 1060 2409 annis
1078 2378 1223 2418 singulis
1237 2386 1297 2418 pro
1314 2378 1460 2418 singulis
1477 2386 1595 2409 eorum
1613 2377 1845 2409 frumentariis
1862 2377 1995 2408 debent.
2008 2377 2060 2418 (A.
2076 2379 2124 2412 17,
2138 2377 2160 2409 f.
2174 2379 2232 2409 ’411
2246 2382 2276 2414 ⁸;

682 2432 715 2464 V.
734 2433 783 2469 73,
800 2440 852 2471 ep.
873 2433 923 2469 58,
945 2431 980 2461 de
997 2431 1077 2470 cur.)

723 2482 858 2514 16148.
877 2503 914 2508 —-
944 2484 985 2515 N.
1012 2495 1040 2516 v.
1063 2484 1247 2515 Ferrantino
1274 2483 1311 2514 de
1328 2484 1510 2521 Malatestis,
1538 2483 1574 2514 de
1591 2484 1745 2521 Arimino,
1771 2483 1884 2514 mand.
1901 2492 1942 2514 ne
1962 2484 2055 2515 cives
2071 2483 2276 2520 Ferrarien.,

676 2539 714 2570 E.
732 2539 774 2570 R.
792 2533 949 2573 rebelles,
966 2538 1009 2569 ad
1026 2538 1236 2578 provinciam
1255 2538 1489 2569 Romandiolae
1511 2538 1668 2568 accedere
1688 2538 1946 2577 praesumentes,
1963 2537 1999 2568 in
2024 2536 2116 2568 civit.
2135 2537 2280 2568 Cesena-

677 2593 745 2624 ten.
764 2591 914 2631 recipere
929 2599 1070 2631 prorsus
1088 2591 1220 2622 audeat.
1239 2590 1293 2631 (A.
1320 2593 1367 2627 17,
1386 2590 1408 2621 f.
1430 2592 1486 2622 411
1503 2596 1531 2627 ²3
1556 2589 1588 2620 V.
1606 2592 1655 2628 73,
1670 2599 1722 2630 ep.
1740 2591 1790 2627 59,
1810 2589 1846 2621 de
1862 2589 1943 2630 cur.)

726 2641 859 2674 16149.
871 2662 910 2667 -
926 2643 1058 2675 Geraldo
1074 2643 1239 2685 Danqlars‚
1253 2653 1326 2675 can.
1342 2644 1530 2684 Urgellen.‚
1542 2643 1724 2683 provinciae
1739 2642 1974 2675 Romandiolae
1986 2642 2150 2680 thesaur„
2162 2642 2274 2674 mand.

679 2699 716 2730 ut
731 2697 872 2738 recipiat
888 2698 920 2729 et
938 2699 1114 2729 conservet
1129 2697 1397 2728 emolumentum
1414 2697 1506 2737 quod
1524 2697 1680 2737 provenit
1703 2705 1745 2727 ex
1769 2696 1966 2736 potestariis
1985 2704 2059 2735 quae
2081 2704 2141 2735 per
2169 2696 2275 2734 ejusd.

679 2751 862 2792 provinciae
877 2751 1042 2782 rectorem
1065 2750 1099 2781 in
1117 2750 1190 2782 ead.
1208 2750 1383 2790 provincia
1401 2750 1633 2782 conferuntur.
1651 2750 1704 2790 (A.
1723 2751 1772 2787 17,
1790 2749 1813 2780 f.
1829 2750 1885 2780 411
1901 2754 1932 2785 a,
1969 2747 2002 2779 V.
2024 2751 2074 2785 73,
2092 2757 2145 2788 ep.
2172 2749 2223 2786 60,
2242 2747 2279 2779 de

681 2803 762 2843 cur.)

727 2853 862 2887 16150.
879 2875 917 2880 --
934 2856 1026 2887 Petro
1043 2856 1079 2887 de
1097 2856 1203 2894 Banis,
1220 2856 1339 2887 archid.
1363 2855 1542 2888 Combraliae
1565 2856 1599 2886 in
1624 2855 1697 2887 eccl.
1726 2855 1927 2892 Lemovicen„
1954 2859 1980 2884 ee
2003 2853 2096 2884 Petro
2115 2852 2282 2883 Raimundi

682 2910 748 2940 ord.
766 2909 1019 2946 praedicatorum,
1037 2909 1134 2950 ejusd.
1151 2909 1218 2940 ord.
1234 2909 1443 2950 procuratori,
1460 2909 1499 2939 A.
1515 2909 1550 2941 S.
1569 2909 1696 2945 nunciis,
1713 2908 1826 2939 mand.
1843 2909 1880 2939 ut
1891 2906 1957 2938 sibi
1971 2906 2144 2946 assignare
2159 2905 2282 2937 saciant

683 2962 798 2994 omnia.
813 2962 901 2993 bona
916 2971 990 3002 quae
1012 2962 1152 3003 reliquit
1166 2962 1221 2993 bo.
1248 2971 1313 2994 me.
1333 2962 1515 2996 Antonius,
1536 2970 1632 3001 ep.us
1654 2961 1852 2996 Florentin.,
1868 2968 1927 2999 pro
1946 2958 2177 2990 satisfactione
2193 2958 2278 2989 deci-

684 3024 747 3047 mae
762 3015 796 3047 in
812 3014 1004 3046 subsidium
1020 3015 1132 3047 Terrae
1149 3015 1278 3047 Sanctae
1295 3015 1330 3046 in
1346 3015 1438 3046 civit.
1463 3016 1495 3046 et
1513 3014 1558 3045 di.
1578 3013 1764 3045 Florentin.
1782 3021 1842 3053 per
1857 3011 1969 3044 eumd.
1989 3019 2103 3051 ep-um
2121 3010 2280 3047 collectae,
