<?xml version="1.0" encoding="UTF-8"?>
<!DOCTYPE html PUBLIC "-//W3C//DTD XHTML 1.0 Transitional//EN"
    "http://www.w3.org/TR/xhtml1/DTD/xhtml1-transitional.dtd">
<html xmlns="http://www.w3.org/1999/xhtml" xml:lang="en" lang="en">
 <head>
  <title>
</title>
<meta http-equiv="Content-Type" content="text/html;charset=utf-8" />
  <meta name='ocr-system' content='tesseract 3.04.00' />
  <meta name='ocr-capabilities' content='ocr_page ocr_carea ocr_par ocr_line ocrx_word'/>
</head>
<body>
  <div class='ocr_page' id='page_1' title='image "./lettrescommunes04romeuoft_0210.png"; bbox 0 0 2592 3528; ppageno 0'>
   <div class='ocr_carea' id='block_1_1' title="bbox 360 327 419 358">
    <p class='ocr_par' dir='ltr' id='par_1_1' title="bbox 360 327 419 358">
     <span class='ocr_line' id='line_1_1' title="bbox 360 327 419 358; baseline 0 -2"><span class='ocrx_word' id='word_1_1' title='bbox 360 327 419 358; x_wconf 71' lang='lat'>200</span> 
     </span>
    </p>
   </div>
   <div class='ocr_carea' id='block_1_2' title="bbox 395 405 699 441">
    <p class='ocr_par' dir='ltr' id='par_1_2' title="bbox 395 405 699 441">
     <span class='ocr_line' id='line_1_2' title="bbox 395 405 699 441; baseline -0.01 0"><span class='ocrx_word' id='word_1_2' title='bbox 395 414 497 441; x_wconf 81' lang='lat' dir='ltr'>Datum</span> <span class='ocrx_word' id='word_1_3' title='bbox 515 405 699 441; x_wconf 80' lang='lat' dir='ltr'>Avenione.</span> 
     </span>
    </p>
   </div>
   <div class='ocr_carea' id='block_1_3' title="bbox 437 616 661 647">
    <p class='ocr_par' dir='ltr' id='par_1_3' title="bbox 437 616 661 647">
     <span class='ocr_line' id='line_1_3' title="bbox 437 616 661 647; baseline -0.013 0"><span class='ocrx_word' id='word_1_4' title='bbox 437 619 474 647; x_wconf 83' lang='lat'>27</span> <span class='ocrx_word' id='word_1_5' title='bbox 496 621 549 646; x_wconf 79' lang='lat' dir='ltr'>oct.</span> <span class='ocrx_word' id='word_1_6' title='bbox 577 616 661 644; x_wconf 75' lang='lat'>¹322.</span> 
     </span>
    </p>
   </div>
   <div class='ocr_carea' id='block_1_4' title="bbox 442 662 653 741">
    <p class='ocr_par' dir='ltr' id='par_1_4' title="bbox 442 662 653 741">
     <span class='ocr_line' id='line_1_4' title="bbox 442 662 653 700; baseline -0.009 -9"><span class='ocrx_word' id='word_1_7' title='bbox 442 665 485 700; x_wconf 81' lang='lat' dir='ltr'>(vi</span> <span class='ocrx_word' id='word_1_8' title='bbox 502 662 560 691; x_wconf 83' lang='lat' dir='ltr'>kal.</span> <span class='ocrx_word' id='word_1_9' title='bbox 575 662 653 698; x_wconf 89' lang='lat' dir='ltr'>nov.)</span> 
     </span>
     <span class='ocr_line' id='line_1_5' title="bbox 449 706 641 741; baseline -0.01 -6"><span class='ocrx_word' id='word_1_10' title='bbox 449 708 480 735; x_wconf 84' lang='lat' dir='ltr'>T.</span> <span class='ocrx_word' id='word_1_11' title='bbox 504 707 550 741; x_wconf 87' lang='lat' dir='ltr'>XI,</span> <span class='ocrx_word' id='word_1_12' title='bbox 570 706 641 734; x_wconf 81' lang='lat' dir='ltr'>XIV.</span> 
     </span>
    </p>
   </div>
   <div class='ocr_carea' id='block_1_5' title="bbox 493 832 601 903">
    <p class='ocr_par' dir='ltr' id='par_1_5' title="bbox 493 832 601 903">
     <span class='ocr_line' id='line_1_6' title="bbox 512 832 586 859; baseline -0.014 0"><span class='ocrx_word' id='word_1_13' title='bbox 512 832 546 859; x_wconf 86' lang='lat' dir='ltr'>Ut</span> <span class='ocrx_word' id='word_1_14' title='bbox 564 840 586 859; x_wconf 90' lang='lat' dir='ltr'>s.</span> 
     </span>
     <span class='ocr_line' id='line_1_7' title="bbox 493 875 601 903; baseline -0.019 0"><span class='ocrx_word' id='word_1_15' title='bbox 493 877 522 903; x_wconf 79' lang='lat' dir='ltr'>T.</span> <span class='ocrx_word' id='word_1_16' title='bbox 545 875 601 902; x_wconf 94' lang='lat' dir='ltr'>XX.</span> 
     </span>
    </p>
   </div>
   <div class='ocr_carea' id='block_1_6' title="bbox 438 989 661 1105">
    <p class='ocr_par' dir='ltr' id='par_1_6' title="bbox 438 989 661 1105">
     <span class='ocr_line' id='line_1_8' title="bbox 438 989 661 1020; baseline -0.009 -2"><span class='ocrx_word' id='word_1_17' title='bbox 438 991 477 1020; x_wconf 84' lang='lat'>28</span> <span class='ocrx_word' id='word_1_18' title='bbox 498 995 550 1018; x_wconf 86' lang='lat' dir='ltr'>oct.</span> <span class='ocrx_word' id='word_1_19' title='bbox 576 989 661 1017; x_wconf 75' lang='lat'>1322.</span> 
     </span>
     <span class='ocr_line' id='line_1_9' title="bbox 447 1032 652 1070; baseline -0.015 -8"><span class='ocrx_word' id='word_1_20' title='bbox 447 1037 477 1070; x_wconf 83' lang='lat' dir='ltr'>(v</span> <span class='ocrx_word' id='word_1_21' title='bbox 496 1034 554 1061; x_wconf 84' lang='lat' dir='ltr'>kal.</span> <span class='ocrx_word' id='word_1_22' title='bbox 572 1032 652 1068; x_wconf 90' lang='lat' dir='ltr'>nov.)</span> 
     </span>
     <span class='ocr_line' id='line_1_10' title="bbox 488 1077 609 1105; baseline -0.017 0"><span class='ocrx_word' id='word_1_23' title='bbox 488 1078 518 1105; x_wconf 91' lang='lat' dir='ltr'>T.</span> <span class='ocrx_word' id='word_1_24' title='bbox 541 1077 609 1104; x_wconf 84' lang='lat' dir='ltr'>XVI.</span> 
     </span>
    </p>
   </div>
   <div class='ocr_carea' id='block_1_7' title="bbox 439 1147 661 1176">
    <p class='ocr_par' dir='ltr' id='par_1_7' title="bbox 439 1147 661 1176">
     <span class='ocr_line' id='line_1_11' title="bbox 439 1147 661 1176; baseline -0.009 0"><span class='ocrx_word' id='word_1_25' title='bbox 439 1149 479 1176; x_wconf 81' lang='lat'>29</span> <span class='ocrx_word' id='word_1_26' title='bbox 498 1151 550 1176; x_wconf 84' lang='lat' dir='ltr'>oct.</span> <span class='ocrx_word' id='word_1_27' title='bbox 575 1147 661 1175; x_wconf 75' lang='lat'>1322.</span> 
     </span>
    </p>
   </div>
   <div class='ocr_carea' id='block_1_8' title="bbox 445 1192 654 1266">
    <p class='ocr_par' dir='ltr' id='par_1_8' title="bbox 445 1192 654 1266">
     <span class='ocr_line' id='line_1_12' title="bbox 445 1192 654 1229; baseline -0.014 -8"><span class='ocrx_word' id='word_1_28' title='bbox 445 1198 486 1229; x_wconf 82' lang='lat' dir='ltr'>(iv</span> <span class='ocrx_word' id='word_1_29' title='bbox 502 1193 560 1221; x_wconf 83' lang='lat' dir='ltr'>kal.</span> <span class='ocrx_word' id='word_1_30' title='bbox 576 1192 654 1224; x_wconf 87' lang='lat' dir='ltr'>nov.)</span> 
     </span>
     <span class='ocr_line' id='line_1_13' title="bbox 465 1236 627 1266; baseline -0.006 0"><span class='ocrx_word' id='word_1_31' title='bbox 465 1238 496 1266; x_wconf 79' lang='lat' dir='ltr'>T.</span> <span class='ocrx_word' id='word_1_32' title='bbox 514 1236 627 1265; x_wconf 72' lang='lat' dir='ltr'>VII¹¹¹V.</span> 
     </span>
    </p>
   </div>
   <div class='ocr_carea' id='block_1_9' title="bbox 487 1521 607 1591">
    <p class='ocr_par' dir='ltr' id='par_1_9' title="bbox 487 1521 607 1591">
     <span class='ocr_line' id='line_1_14' title="bbox 509 1521 586 1548; baseline -0.013 0"><span class='ocrx_word' id='word_1_33' title='bbox 509 1521 544 1548; x_wconf 87' lang='lat' dir='ltr'>Ut</span> <span class='ocrx_word' id='word_1_34' title='bbox 563 1529 586 1547; x_wconf 91' lang='lat' dir='ltr'>s.</span> 
     </span>
     <span class='ocr_line' id='line_1_15' title="bbox 487 1564 607 1591; baseline 0.008 -1"><span class='ocrx_word' id='word_1_35' title='bbox 487 1564 518 1591; x_wconf 91' lang='lat' dir='ltr'>T.</span> <span class='ocrx_word' id='word_1_36' title='bbox 539 1564 607 1591; x_wconf 87' lang='lat' dir='ltr'>XVI.</span> 
     </span>
    </p>
   </div>
   <div class='ocr_carea' id='block_1_10' title="bbox 486 1626 604 1698">
    <p class='ocr_par' dir='ltr' id='par_1_10' title="bbox 486 1626 604 1698">
     <span class='ocr_line' id='line_1_16' title="bbox 508 1626 586 1654; baseline -0.013 0"><span class='ocrx_word' id='word_1_37' title='bbox 508 1626 544 1654; x_wconf 85' lang='lat' dir='ltr'>Ut</span> <span class='ocrx_word' id='word_1_38' title='bbox 562 1635 586 1653; x_wconf 86' lang='lat' dir='ltr'>s.</span> 
     </span>
     <span class='ocr_line' id='line_1_17' title="bbox 486 1671 604 1698; baseline 0 0"><span class='ocrx_word' id='word_1_39' title='bbox 486 1672 516 1698; x_wconf 87' lang='lat' dir='ltr'>T.</span> <span class='ocrx_word' id='word_1_40' title='bbox 534 1671 604 1698; x_wconf 86' lang='lat' dir='ltr'>XVI.</span> 
     </span>
    </p>
   </div>
   <div class='ocr_carea' id='block_1_11' title="bbox 437 1733 661 1855">
    <p class='ocr_par' dir='ltr' id='par_1_11' title="bbox 437 1733 661 1855">
     <span class='ocr_line' id='line_1_18' title="bbox 438 1733 660 1762; baseline -0.009 0"><span class='ocrx_word' id='word_1_41' title='bbox 438 1734 476 1762; x_wconf 90' lang='grc'>30</span> <span class='ocrx_word' id='word_1_42' title='bbox 496 1737 549 1761; x_wconf 85' lang='lat' dir='ltr'>oct.</span> <span class='ocrx_word' id='word_1_43' title='bbox 574 1733 660 1761; x_wconf 72' lang='lat'>4322.</span> 
     </span>
     <span class='ocr_line' id='line_1_19' title="bbox 437 1777 661 1813; baseline -0.004 -8"><span class='ocrx_word' id='word_1_44' title='bbox 437 1782 482 1813; x_wconf 88' lang='lat'>(111</span> <span class='ocrx_word' id='word_1_45' title='bbox 501 1779 559 1805; x_wconf 87' lang='lat' dir='ltr'>kal.</span> <span class='ocrx_word' id='word_1_46' title='bbox 583 1777 661 1809; x_wconf 86' lang='lat' dir='ltr'>nov.)</span> 
     </span>
     <span class='ocr_line' id='line_1_20' title="bbox 457 1822 642 1855; baseline -0.011 -5"><span class='ocrx_word' id='word_1_47' title='bbox 457 1823 487 1850; x_wconf 89' lang='lat' dir='ltr'>T.</span> <span class='ocrx_word' id='word_1_48' title='bbox 505 1823 552 1855; x_wconf 87' lang='lat' dir='ltr'>XI,</span> <span class='ocrx_word' id='word_1_49' title='bbox 572 1822 642 1849; x_wconf 88' lang='lat' dir='ltr'>XIII.</span> 
     </span>
    </p>
   </div>
   <div class='ocr_carea' id='block_1_12' title="bbox 477 1947 615 2018">
    <p class='ocr_par' dir='ltr' id='par_1_12' title="bbox 477 1947 615 2018">
     <span class='ocr_line' id='line_1_21' title="bbox 508 1947 584 1974; baseline -0.013 0"><span class='ocrx_word' id='word_1_50' title='bbox 508 1947 543 1974; x_wconf 83' lang='lat' dir='ltr'>Ut</span> <span class='ocrx_word' id='word_1_51' title='bbox 561 1955 584 1974; x_wconf 91' lang='lat' dir='ltr'>s.</span> 
     </span>
     <span class='ocr_line' id='line_1_22' title="bbox 477 1991 615 2018; baseline 0 0"><span class='ocrx_word' id='word_1_52' title='bbox 477 1992 506 2018; x_wconf 82' lang='lat' dir='ltr'>T.</span> <span class='ocrx_word' id='word_1_53' title='bbox 523 1991 615 2018; x_wconf 87' lang='lat' dir='ltr'>XXIV.</span> 
     </span>
    </p>
   </div>
   <div class='ocr_carea' id='block_1_13' title="bbox 471 2212 616 2284">
    <p class='ocr_par' dir='ltr' id='par_1_13' title="bbox 471 2212 616 2284">
     <span class='ocr_line' id='line_1_23' title="bbox 504 2212 584 2240; baseline -0.013 0"><span class='ocrx_word' id='word_1_54' title='bbox 504 2212 541 2240; x_wconf 87' lang='lat' dir='ltr'>Ut</span> <span class='ocrx_word' id='word_1_55' title='bbox 560 2221 584 2239; x_wconf 87' lang='lat' dir='ltr'>s.</span> 
     </span>
     <span class='ocr_line' id='line_1_24' title="bbox 471 2257 616 2284; baseline 0.007 -1"><span class='ocrx_word' id='word_1_56' title='bbox 471 2257 500 2283; x_wconf 91' lang='lat' dir='ltr'>T.</span> <span class='ocrx_word' id='word_1_57' title='bbox 521 2257 616 2284; x_wconf 85' lang='lat' dir='ltr'>XXIV.</span> 
     </span>
    </p>
   </div>
   <div class='ocr_carea' id='block_1_14' title="bbox 474 2479 617 2551">
    <p class='ocr_par' dir='ltr' id='par_1_14' title="bbox 474 2479 617 2551">
     <span class='ocr_line' id='line_1_25' title="bbox 504 2479 583 2506; baseline 0 0"><span class='ocrx_word' id='word_1_58' title='bbox 504 2479 540 2506; x_wconf 90' lang='lat' dir='ltr'>Ut</span> <span class='ocrx_word' id='word_1_59' title='bbox 560 2487 583 2506; x_wconf 85' lang='lat' dir='ltr'>s.</span> 
     </span>
     <span class='ocr_line' id='line_1_26' title="bbox 474 2523 617 2551; baseline 0.014 -2"><span class='ocrx_word' id='word_1_60' title='bbox 474 2523 504 2550; x_wconf 91' lang='lat' dir='ltr'>T.</span> <span class='ocrx_word' id='word_1_61' title='bbox 524 2523 617 2551; x_wconf 84' lang='lat' dir='ltr'>XXVI.</span> 
     </span>
    </p>
   </div>
   <div class='ocr_carea' id='block_1_15' title="bbox 475 2690 621 2762">
    <p class='ocr_par' dir='ltr' id='par_1_15' title="bbox 475 2690 621 2762">
     <span class='ocr_line' id='line_1_27' title="bbox 510 2690 588 2718; baseline 0.013 -1"><span class='ocrx_word' id='word_1_62' title='bbox 510 2690 545 2717; x_wconf 86' lang='lat' dir='ltr'>Ut</span> <span class='ocrx_word' id='word_1_63' title='bbox 565 2699 588 2718; x_wconf 89' lang='lat' dir='ltr'>s.</span> 
     </span>
     <span class='ocr_line' id='line_1_28' title="bbox 475 2733 621 2762; baseline 0.021 -3"><span class='ocrx_word' id='word_1_64' title='bbox 475 2733 506 2759; x_wconf 90' lang='lat' dir='ltr'>T.</span> <span class='ocrx_word' id='word_1_65' title='bbox 529 2734 621 2762; x_wconf 85' lang='lat' dir='ltr'>XXIV.</span> 
     </span>
    </p>
   </div>
   <div class='ocr_carea' id='block_1_16' title="bbox 479 2955 617 3027">
    <p class='ocr_par' dir='ltr' id='par_1_16' title="bbox 479 2955 617 3027">
     <span class='ocr_line' id='line_1_29' title="bbox 505 2955 582 2983; baseline 0.013 -1"><span class='ocrx_word' id='word_1_66' title='bbox 505 2955 538 2983; x_wconf 72' lang='lat' dir='ltr'>[t</span> <span class='ocrx_word' id='word_1_67' title='bbox 559 2964 582 2983; x_wconf 80' lang='lat' dir='ltr'>S.</span> 
     </span>
     <span class='ocr_line' id='line_1_30' title="bbox 479 2999 617 3027; baseline 0.014 -2"><span class='ocrx_word' id='word_1_68' title='bbox 479 2999 508 3025; x_wconf 89' lang='lat' dir='ltr'>T.</span> <span class='ocrx_word' id='word_1_69' title='bbox 525 2999 617 3027; x_wconf 83' lang='lat' dir='ltr'>XXIV.</span> 
     </span>
    </p>
   </div>
   <div class='ocr_carea' id='block_1_17' title="bbox 755 306 1986 355">
    <p class='ocr_par' dir='ltr' id='par_1_17' title="bbox 755 306 1986 355">
     <span class='ocr_line' id='line_1_31' title="bbox 755 306 1986 355; baseline -0.011 -5"><span class='ocrx_word' id='word_1_70' title='bbox 755 318 928 351; x_wconf 79' lang='lat' dir='ltr'>JOANNIS</span> <span class='ocrx_word' id='word_1_71' title='bbox 952 317 1070 348; x_wconf 81' lang='lat' dir='ltr'>PAPAE</span> <span class='ocrx_word' id='word_1_72' title='bbox 1091 315 1193 346; x_wconf 89' lang='lat' dir='ltr'>XXII.</span> <span class='ocrx_word' id='word_1_73' title='bbox 1217 314 1465 355; x_wconf 80' lang='lat'>(1316-1384).</span> <span class='ocrx_word' id='word_1_74' title='bbox 1489 329 1527 336; x_wconf 92' lang='lat'>—</span> <span class='ocrx_word' id='word_1_75' title='bbox 1551 309 1737 342; x_wconf 83' lang='lat' dir='ltr'>LITTERAE</span> <span class='ocrx_word' id='word_1_76' title='bbox 1760 306 1986 340; x_wconf 86' lang='lat' dir='ltr'><strong>COMMUNES</strong></span> 
     </span>
    </p>
   </div>
   <div class='ocr_carea' id='block_1_18' title="bbox 2097 0 2592 3528">
    <p class='ocr_par' dir='ltr' id='par_1_18' title="bbox 2097 0 2592 3528">
     <span class='ocr_line' id='line_1_32' title="bbox 2097 0 2592 3528; baseline 0 0"><span class='ocrx_word' id='word_1_77' title='bbox 2097 0 2592 3528; x_wconf 95' lang='lat' dir='ltr'>   </span> 
     </span>
    </p>
   </div>
   <div class='ocr_carea' id='block_1_19' title="bbox 787 495 2390 757">
    <p class='ocr_par' dir='ltr' id='par_1_19' title="bbox 787 495 2390 757">
     <span class='ocr_line' id='line_1_33' title="bbox 787 495 2388 546; baseline -0.008 -5"><span class='ocrx_word' id='word_1_78' title='bbox 787 509 864 546; x_wconf 90' lang='lat' dir='ltr'>tori,</span> <span class='ocrx_word' id='word_1_79' title='bbox 892 517 929 540; x_wconf 85' lang='lat' dir='ltr'>ac</span> <span class='ocrx_word' id='word_1_80' title='bbox 950 506 1090 539; x_wconf 85' lang='lat' dir='ltr'>Nicolao</span> <span class='ocrx_word' id='word_1_81' title='bbox 1107 504 1289 537; x_wconf 88' lang='lat' dir='ltr'>Verticello</span> <span class='ocrx_word' id='word_1_82' title='bbox 1309 503 1349 533; x_wconf 90' lang='lat' dir='ltr'>de</span> <span class='ocrx_word' id='word_1_83' title='bbox 1368 500 1522 541; x_wconf 85' lang='lat' dir='ltr'>Neapoli,</span> <span class='ocrx_word' id='word_1_84' title='bbox 1543 498 1757 538; x_wconf 85' lang='lat' dir='ltr'>Neapolitan.</span> <span class='ocrx_word' id='word_1_85' title='bbox 1783 505 1855 528; x_wconf 89' lang='lat' dir='ltr'>can.</span> <span class='ocrx_word' id='word_1_86' title='bbox 1876 496 1957 528; x_wconf 86' lang='lat' dir='ltr'>eccl.</span> <span class='ocrx_word' id='word_1_87' title='bbox 1981 495 2034 536; x_wconf 81' lang='lat' dir='ltr'>(A.</span> <span class='ocrx_word' id='word_1_88' title='bbox 2054 496 2103 533; x_wconf 86' lang='lat'>18,</span> <span class='ocrx_word' id='word_1_89' title='bbox 2122 495 2145 528; x_wconf 86' lang='lat' dir='ltr'>f.</span> <span class='ocrx_word' id='word_1_90' title='bbox 2162 497 2223 529; x_wconf 73' lang='lat'>29⁶</span> <span class='ocrx_word' id='word_1_91' title='bbox 2237 501 2267 534; x_wconf 76' lang='lat'>⁸3</span> <span class='ocrx_word' id='word_1_92' title='bbox 2283 495 2320 527; x_wconf 82' lang='lat' dir='ltr'>V.</span> <span class='ocrx_word' id='word_1_93' title='bbox 2337 497 2388 534; x_wconf 75' lang='grc'>74,</span> 
     </span>
     <span class='ocr_line' id='line_1_34' title="bbox 787 563 2388 645; baseline -0.006 -1"><span class='ocrx_word' id='word_1_94' title='bbox 787 563 969 644; x_wconf 42' lang='grc' dir='ltr'><strong>ΘΡ161501)3.</strong></span> <span class='ocrx_word' id='word_1_95' title='bbox 993 629 1031 635; x_wconf 90' lang='grc'>-</span> <span class='ocrx_word' id='word_1_96' title='bbox 1058 611 1179 643; x_wconf 85' lang='lat' dir='ltr'>Mar-ino</span> <span class='ocrx_word' id='word_1_97' title='bbox 1204 614 1275 639; x_wconf 75' lang='lat' dir='ltr'>nato</span> <span class='ocrx_word' id='word_1_98' title='bbox 1297 607 1428 638; x_wconf 69' lang='lat' dir='ltr'>loannis</span> <span class='ocrx_word' id='word_1_99' title='bbox 1447 605 1575 636; x_wconf 70' lang='lat' dir='ltr'>Assauti</span> <span class='ocrx_word' id='word_1_100' title='bbox 1594 604 1703 645; x_wconf 84' lang='lat' dir='ltr'>gratia</span> <span class='ocrx_word' id='word_1_101' title='bbox 1718 612 1811 644; x_wconf 84' lang='lat' dir='ltr'>exsp.</span> <span class='ocrx_word' id='word_1_102' title='bbox 1835 602 1947 635; x_wconf 84' lang='lat' dir='ltr'>benef.</span> <span class='ocrx_word' id='word_1_103' title='bbox 1967 611 1995 635; x_wconf 87' lang='lat' dir='ltr'>c.</span> <span class='ocrx_word' id='word_1_104' title='bbox 2019 611 2048 634; x_wconf 92' lang='grc'>0.</span> <span class='ocrx_word' id='word_1_105' title='bbox 2073 602 2128 634; x_wconf 89' lang='lat' dir='ltr'>vel</span> <span class='ocrx_word' id='word_1_106' title='bbox 2144 611 2173 634; x_wconf 87' lang='lat' dir='ltr'>s.</span> <span class='ocrx_word' id='word_1_107' title='bbox 2196 611 2225 634; x_wconf 88' lang='grc'>0.</span> <span class='ocrx_word' id='word_1_108' title='bbox 2241 603 2296 643; x_wconf 79' lang='grc'><strong>(30</strong></span> <span class='ocrx_word' id='word_1_109' title='bbox 2311 610 2388 634; x_wconf 86' lang='lat' dir='ltr'>unc.</span> 
     </span>
     <span class='ocr_line' id='line_1_35' title="bbox 787 655 2390 707; baseline -0.009 -7"><span class='ocrx_word' id='word_1_110' title='bbox 787 667 886 707; x_wconf 85' lang='lat' dir='ltr'>auri),</span> <span class='ocrx_word' id='word_1_111' title='bbox 904 667 1024 707; x_wconf 85' lang='lat' dir='ltr'>pertin.</span> <span class='ocrx_word' id='word_1_112' title='bbox 1045 665 1086 695; x_wconf 83' lang='lat' dir='ltr'>ad</span> <span class='ocrx_word' id='word_1_113' title='bbox 1102 663 1258 703; x_wconf 89' lang='lat' dir='ltr'>disposit.</span> <span class='ocrx_word' id='word_1_114' title='bbox 1284 661 1351 701; x_wconf 87' lang='lat' dir='ltr'>ep.i</span> <span class='ocrx_word' id='word_1_115' title='bbox 1374 659 1511 694; x_wconf 67' lang='lat' dir='ltr'>Nolam,</span> <span class='ocrx_word' id='word_1_116' title='bbox 1530 659 1564 689; x_wconf 88' lang='lat' dir='ltr'>in</span> <span class='ocrx_word' id='word_1_117' title='bbox 1581 657 1674 689; x_wconf 88' lang='lat' dir='ltr'>civit.</span> <span class='ocrx_word' id='word_1_118' title='bbox 1692 656 1745 688; x_wconf 87' lang='lat' dir='ltr'>vel</span> <span class='ocrx_word' id='word_1_119' title='bbox 1768 657 1814 688; x_wconf 90' lang='lat' dir='ltr'>di.</span> <span class='ocrx_word' id='word_1_120' title='bbox 1835 656 1973 694; x_wconf 66' lang='lat' dir='ltr'>Nolan„</span> <span class='ocrx_word' id='word_1_121' title='bbox 1989 655 2120 688; x_wconf 89' lang='lat' dir='ltr'>consid.</span> <span class='ocrx_word' id='word_1_122' title='bbox 2140 655 2283 688; x_wconf 87' lang='lat' dir='ltr'>Roberti</span> <span class='ocrx_word' id='word_1_123' title='bbox 2299 655 2390 696; x_wconf 81' lang='lat' dir='ltr'>regis</span> 
     </span>
     <span class='ocr_line' id='line_1_36' title="bbox 787 708 2389 757; baseline -0.009 -4"><span class='ocrx_word' id='word_1_124' title='bbox 787 721 927 757; x_wconf 85' lang='lat' dir='ltr'>Siciliae;</span> <span class='ocrx_word' id='word_1_125' title='bbox 944 728 1009 751; x_wconf 92' lang='lat' dir='ltr'>non</span> <span class='ocrx_word' id='word_1_126' title='bbox 1027 718 1114 750; x_wconf 89' lang='lat' dir='ltr'>obst.</span> <span class='ocrx_word' id='word_1_127' title='bbox 1138 716 1282 756; x_wconf 91' lang='lat' dir='ltr'>quodam</span> <span class='ocrx_word' id='word_1_128' title='bbox 1301 713 1411 745; x_wconf 86' lang='lat' dir='ltr'>benef.</span> <span class='ocrx_word' id='word_1_129' title='bbox 1432 713 1464 752; x_wconf 89' lang='lat'>(3</span> <span class='ocrx_word' id='word_1_130' title='bbox 1481 720 1555 743; x_wconf 88' lang='lat' dir='ltr'>unc.</span> <span class='ocrx_word' id='word_1_131' title='bbox 1574 711 1674 750; x_wconf 90' lang='lat' dir='ltr'>auri),</span> <span class='ocrx_word' id='word_1_132' title='bbox 1690 710 1726 742; x_wconf 89' lang='lat' dir='ltr'>in</span> <span class='ocrx_word' id='word_1_133' title='bbox 1744 710 1789 742; x_wconf 90' lang='lat' dir='ltr'>di.</span> <span class='ocrx_word' id='word_1_134' title='bbox 1809 709 1931 742; x_wconf 86' lang='lat' dir='ltr'>Isclan.</span> <span class='ocrx_word' id='word_1_135' title='bbox 1950 727 1990 733; x_wconf 93' lang='lat'><strong>—</strong></span> <span class='ocrx_word' id='word_1_136' title='bbox 2003 709 2031 741; x_wconf 92' lang='grc' dir='ltr'>Ι.</span> <span class='ocrx_word' id='word_1_137' title='bbox 2049 718 2078 742; x_wconf 87' lang='lat' dir='ltr'>e.</span> <span class='ocrx_word' id='word_1_138' title='bbox 2101 718 2147 741; x_wconf 91' lang='lat' dir='ltr'>m.</span> <span class='ocrx_word' id='word_1_139' title='bbox 2163 710 2201 742; x_wconf 92' lang='lat' dir='ltr'>ut</span> <span class='ocrx_word' id='word_1_140' title='bbox 2218 717 2246 741; x_wconf 87' lang='lat' dir='ltr'>s.</span> <span class='ocrx_word' id='word_1_141' title='bbox 2266 708 2319 749; x_wconf 82' lang='grc' dir='ltr'>(Α.</span> <span class='ocrx_word' id='word_1_142' title='bbox 2338 710 2389 747; x_wconf 82' lang='grc'>18,</span> 
     </span>
    </p>
   </div>
   <div class='ocr_carea' id='block_1_20' title="bbox 789 769 2391 864">
    <p class='ocr_par' dir='ltr' id='par_1_20' title="bbox 789 769 2391 864">
     <span class='ocr_line' id='line_1_37' title="bbox 902 779 1221 800; baseline -0.009 1"><span class='ocrx_word' id='word_1_143' title='bbox 902 779 915 794; x_wconf 64' lang='lat' dir='ltr'>a</span> <span class='ocrx_word' id='word_1_144' title='bbox 925 783 931 788; x_wconf 89' lang='lat'>&#39;</span> <span class='ocrx_word' id='word_1_145' title='bbox 1127 793 1134 800; x_wconf 82' lang='grc'><strong>.</strong></span> <span class='ocrx_word' id='word_1_146' title='bbox 1214 792 1221 798; x_wconf 88' lang='grc'>.</span> 
     </span>
     <span class='ocr_line' id='line_1_38' title="bbox 789 769 2391 864; baseline -0.006 -8"><span class='ocrx_word' id='word_1_147' title='bbox 789 775 811 805; x_wconf 44' lang='lat' dir='ltr'>f·</span> <span class='ocrx_word' id='word_1_148' title='bbox 828 769 1273 864; x_wconf 50' lang='grc' dir='ltr'><strong>ἰῗ51’1ι.1’-74Ἐῗο4ιζέιι)ιη.</strong></span> <span class='ocrx_word' id='word_1_149' title='bbox 1290 820 1403 852; x_wconf 89' lang='lat' dir='ltr'>mand.</span> <span class='ocrx_word' id='word_1_150' title='bbox 1423 820 1460 850; x_wconf 92' lang='lat' dir='ltr'>ut</span> <span class='ocrx_word' id='word_1_151' title='bbox 1476 818 1651 859; x_wconf 77' lang='lat' dir='ltr'><strong>dispenset</strong></span> <span class='ocrx_word' id='word_1_152' title='bbox 1670 817 1846 858; x_wconf 78' lang='lat' dir='ltr'>Ligurium</span> <span class='ocrx_word' id='word_1_153' title='bbox 1863 817 2044 849; x_wconf 79' lang='lat' dir='ltr'>Bonaevitae</span> <span class='ocrx_word' id='word_1_154' title='bbox 2060 816 2202 849; x_wconf 83' lang='lat' dir='ltr'>Assauti</span> <span class='ocrx_word' id='word_1_155' title='bbox 2219 817 2253 848; x_wconf 89' lang='lat' dir='ltr'>et</span> <span class='ocrx_word' id='word_1_156' title='bbox 2270 815 2391 848; x_wconf 82' lang='lat' dir='ltr'>Dulce-</span> 
     </span>
    </p>
   </div>
   <div class='ocr_carea' id='block_1_21' title="bbox 786 869 2392 1291">
    <p class='ocr_par' dir='ltr' id='par_1_21' title="bbox 786 869 2388 971">
     <span class='ocr_line' id='line_1_39' title="bbox 786 869 2388 914; baseline -0.006 -3"><span class='ocrx_word' id='word_1_157' title='bbox 786 880 922 914; x_wconf 85' lang='lat' dir='ltr'>bel-lam‚</span> <span class='ocrx_word' id='word_1_158' title='bbox 941 880 1055 910; x_wconf 84' lang='lat' dir='ltr'>natam</span> <span class='ocrx_word' id='word_1_159' title='bbox 1076 876 1198 908; x_wconf 88' lang='lat' dir='ltr'>Marini</span> <span class='ocrx_word' id='word_1_160' title='bbox 1215 874 1366 914; x_wconf 81' lang='lat' dir='ltr'>Bulgari,</span> <span class='ocrx_word' id='word_1_161' title='bbox 1383 873 1475 905; x_wconf 88' lang='lat' dir='ltr'>cives</span> <span class='ocrx_word' id='word_1_162' title='bbox 1490 872 1626 909; x_wconf 87' lang='lat' dir='ltr'>Isclan.,</span> <span class='ocrx_word' id='word_1_163' title='bbox 1643 880 1748 912; x_wconf 89' lang='lat' dir='ltr'>super</span> <span class='ocrx_word' id='word_1_164' title='bbox 1763 876 1810 902; x_wconf 89' lang='lat' dir='ltr'>1v⁰</span> <span class='ocrx_word' id='word_1_165' title='bbox 1825 872 2046 912; x_wconf 82' lang='lat' dir='ltr'>consanguin.</span> <span class='ocrx_word' id='word_1_166' title='bbox 2062 870 2171 912; x_wconf 77' lang='lat' dir='ltr'>gradu</span> <span class='ocrx_word' id='word_1_167' title='bbox 2185 870 2220 902; x_wconf 91' lang='lat' dir='ltr'>in</span> <span class='ocrx_word' id='word_1_168' title='bbox 2237 869 2388 902; x_wconf 83' lang='lat' dir='ltr'>matrim.</span> 
     </span>
     <span class='ocr_line' id='line_1_40' title="bbox 787 925 1659 971; baseline -0.011 -6"><span class='ocrx_word' id='word_1_169' title='bbox 787 932 1025 965; x_wconf 88' lang='lat' dir='ltr'>contrahendo.</span> <span class='ocrx_word' id='word_1_170' title='bbox 1044 930 1098 971; x_wconf 87' lang='lat' dir='ltr'>(A.</span> <span class='ocrx_word' id='word_1_171' title='bbox 1118 931 1166 966; x_wconf 89' lang='grc'><strong>19,</strong></span> <span class='ocrx_word' id='word_1_172' title='bbox 1186 929 1208 959; x_wconf 85' lang='lat' dir='ltr'>s.</span> <span class='ocrx_word' id='word_1_173' title='bbox 1225 930 1282 960; x_wconf 92' lang='lat'>311</span> <span class='ocrx_word' id='word_1_174' title='bbox 1301 927 1330 963; x_wconf 63' lang='grc' dir='ltr'>ὓς</span> <span class='ocrx_word' id='word_1_175' title='bbox 1351 926 1387 957; x_wconf 92' lang='lat' dir='ltr'>V.</span> <span class='ocrx_word' id='word_1_176' title='bbox 1409 928 1459 964; x_wconf 82' lang='lat'>75,</span> <span class='ocrx_word' id='word_1_177' title='bbox 1483 934 1535 966; x_wconf 87' lang='lat' dir='ltr'>ep.</span> <span class='ocrx_word' id='word_1_178' title='bbox 1555 925 1659 964; x_wconf 84' lang='grc'><strong>1302.)</strong></span> 
     </span>
    </p>

    <p class='ocr_par' dir='ltr' id='par_1_22' title="bbox 786 976 2392 1132">
     <span class='ocr_line' id='line_1_41' title="bbox 834 976 2392 1018; baseline -0.004 -2"><span class='ocrx_word' id='word_1_179' title='bbox 834 983 971 1016; x_wconf 85' lang='grc'><strong>16515.</strong></span> <span class='ocrx_word' id='word_1_180' title='bbox 993 1001 1031 1008; x_wconf 86' lang='lat'>-</span> <span class='ocrx_word' id='word_1_181' title='bbox 1051 982 1216 1014; x_wconf 80' lang='lat' dir='ltr'>Friderico</span> <span class='ocrx_word' id='word_1_182' title='bbox 1238 981 1274 1012; x_wconf 83' lang='lat' dir='ltr'>de</span> <span class='ocrx_word' id='word_1_183' title='bbox 1291 980 1401 1018; x_wconf 78' lang='lat' dir='ltr'>Itellis,</span> <span class='ocrx_word' id='word_1_184' title='bbox 1421 979 1546 1011; x_wconf 88' lang='lat' dir='ltr'>scolari</span> <span class='ocrx_word' id='word_1_185' title='bbox 1565 978 1798 1010; x_wconf 87' lang='lat' dir='ltr'>Hildesemen.</span> <span class='ocrx_word' id='word_1_186' title='bbox 1818 978 1878 1016; x_wconf 69' lang='lat' dir='ltr'>di„</span> <span class='ocrx_word' id='word_1_187' title='bbox 1898 978 2048 1018; x_wconf 81' lang='lat' dir='ltr'>dispens.</span> <span class='ocrx_word' id='word_1_188' title='bbox 2071 978 2114 1009; x_wconf 86' lang='lat' dir='ltr'>ad</span> <span class='ocrx_word' id='word_1_189' title='bbox 2131 985 2250 1010; x_wconf 85' lang='lat' dir='ltr'>omnes</span> <span class='ocrx_word' id='word_1_190' title='bbox 2267 976 2339 1008; x_wconf 85' lang='lat' dir='ltr'>ord.</span> <span class='ocrx_word' id='word_1_191' title='bbox 2358 978 2392 1009; x_wconf 84' lang='lat' dir='ltr'>et</span> 
     </span>
     <span class='ocr_line' id='line_1_42' title="bbox 786 1030 2390 1074; baseline -0.005 -4"><span class='ocrx_word' id='word_1_192' title='bbox 786 1039 896 1070; x_wconf 82' lang='lat' dir='ltr'>benef.</span> <span class='ocrx_word' id='word_1_193' title='bbox 912 1038 1014 1069; x_wconf 89' lang='lat' dir='ltr'>etiam</span> <span class='ocrx_word' id='word_1_194' title='bbox 1029 1047 1057 1068; x_wconf 90' lang='lat' dir='ltr'>c.</span> <span class='ocrx_word' id='word_1_195' title='bbox 1076 1046 1117 1074; x_wconf 91' lang='grc'>0.,</span> <span class='ocrx_word' id='word_1_196' title='bbox 1133 1044 1199 1067; x_wconf 89' lang='lat' dir='ltr'>non</span> <span class='ocrx_word' id='word_1_197' title='bbox 1217 1034 1303 1067; x_wconf 90' lang='lat' dir='ltr'>obst.</span> <span class='ocrx_word' id='word_1_198' title='bbox 1320 1034 1454 1066; x_wconf 88' lang='lat' dir='ltr'>defectu</span> <span class='ocrx_word' id='word_1_199' title='bbox 1471 1033 1637 1065; x_wconf 90' lang='lat' dir='ltr'>natalium</span> <span class='ocrx_word' id='word_1_200' title='bbox 1656 1040 1732 1064; x_wconf 89' lang='lat' dir='ltr'>cum</span> <span class='ocrx_word' id='word_1_201' title='bbox 1751 1032 1797 1064; x_wconf 84' lang='lat' dir='ltr'>sit</span> <span class='ocrx_word' id='word_1_202' title='bbox 1813 1032 1853 1063; x_wconf 90' lang='lat' dir='ltr'>de</span> <span class='ocrx_word' id='word_1_203' title='bbox 1871 1031 1982 1063; x_wconf 90' lang='lat' dir='ltr'>soluto</span> <span class='ocrx_word' id='word_1_204' title='bbox 1999 1032 2032 1063; x_wconf 88' lang='lat' dir='ltr'>et</span> <span class='ocrx_word' id='word_1_205' title='bbox 2049 1030 2228 1072; x_wconf 82' lang='lat' dir='ltr'>conjugata</span> <span class='ocrx_word' id='word_1_206' title='bbox 2242 1030 2390 1071; x_wconf 58' lang='lat' dir='ltr'>genitum</span> 
     </span>
     <span class='ocr_line' id='line_1_43' title="bbox 787 1088 1389 1132; baseline -0.008 -9"><span class='ocrx_word' id='word_1_207' title='bbox 787 1093 839 1132; x_wconf 82' lang='grc' dir='ltr'>(Α.</span> <span class='ocrx_word' id='word_1_208' title='bbox 866 1093 915 1127; x_wconf 88' lang='grc'>18,</span> <span class='ocrx_word' id='word_1_209' title='bbox 938 1092 961 1122; x_wconf 83' lang='lat' dir='ltr'>f.</span> <span class='ocrx_word' id='word_1_210' title='bbox 981 1091 1038 1122; x_wconf 82' lang='lat'>138</span> <span class='ocrx_word' id='word_1_211' title='bbox 1053 1095 1086 1127; x_wconf 73' lang='lat'>23</span> <span class='ocrx_word' id='word_1_212' title='bbox 1113 1088 1146 1119; x_wconf 89' lang='lat' dir='ltr'>V.</span> <span class='ocrx_word' id='word_1_213' title='bbox 1168 1091 1218 1124; x_wconf 69' lang='lat'>74,</span> <span class='ocrx_word' id='word_1_214' title='bbox 1234 1097 1288 1128; x_wconf 85' lang='lat' dir='ltr'>ep.</span> <span class='ocrx_word' id='word_1_215' title='bbox 1307 1089 1389 1126; x_wconf 84' lang='grc'><strong>187.)</strong></span> 
     </span>
    </p>

    <p class='ocr_par' dir='ltr' id='par_1_23' title="bbox 787 1137 2391 1291">
     <span class='ocr_line' id='line_1_44' title="bbox 834 1137 2391 1180; baseline -0.003 -7"><span class='ocrx_word' id='word_1_216' title='bbox 834 1142 971 1174; x_wconf 90' lang='grc'><strong>16516.</strong></span> <span class='ocrx_word' id='word_1_217' title='bbox 990 1162 1028 1166; x_wconf 89' lang='grc'>-</span> <span class='ocrx_word' id='word_1_218' title='bbox 1046 1143 1194 1180; x_wconf 78' lang='lat' dir='ltr'>Joarmes,</span> <span class='ocrx_word' id='word_1_219' title='bbox 1211 1142 1328 1173; x_wconf 87' lang='lat' dir='ltr'>cantor</span> <span class='ocrx_word' id='word_1_220' title='bbox 1346 1141 1426 1172; x_wconf 88' lang='lat' dir='ltr'>eccl.</span> <span class='ocrx_word' id='word_1_221' title='bbox 1452 1139 1672 1180; x_wconf 86' lang='lat' dir='ltr'>AEgitanien.,</span> <span class='ocrx_word' id='word_1_222' title='bbox 1698 1139 1736 1171; x_wconf 88' lang='lat' dir='ltr'>fit</span> <span class='ocrx_word' id='word_1_223' title='bbox 1758 1147 1856 1180; x_wconf 89' lang='lat' dir='ltr'>ep.us</span> <span class='ocrx_word' id='word_1_224' title='bbox 1881 1138 1962 1171; x_wconf 86' lang='lat' dir='ltr'>eccl.</span> <span class='ocrx_word' id='word_1_225' title='bbox 1985 1137 2216 1179; x_wconf 85' lang='lat' dir='ltr'>Portugalen.,</span> <span class='ocrx_word' id='word_1_226' title='bbox 2235 1145 2306 1169; x_wconf 85' lang='lat' dir='ltr'>vac.</span> <span class='ocrx_word' id='word_1_227' title='bbox 2330 1144 2391 1178; x_wconf 86' lang='lat' dir='ltr'>per</span> 
     </span>
     <span class='ocr_line' id='line_1_45' title="bbox 787 1191 2391 1235; baseline -0.005 -5"><span class='ocrx_word' id='word_1_228' title='bbox 787 1198 1043 1230; x_wconf 82' lang='lat' dir='ltr'>translationem</span> <span class='ocrx_word' id='word_1_229' title='bbox 1060 1196 1231 1228; x_wconf 89' lang='lat' dir='ltr'>Fernandi</span> <span class='ocrx_word' id='word_1_230' title='bbox 1253 1194 1402 1235; x_wconf 84' lang='lat' dir='ltr'>Remigii</span> <span class='ocrx_word' id='word_1_231' title='bbox 1419 1194 1460 1226; x_wconf 88' lang='lat' dir='ltr'>ad</span> <span class='ocrx_word' id='word_1_232' title='bbox 1480 1194 1561 1226; x_wconf 90' lang='lat' dir='ltr'>eccl.</span> <span class='ocrx_word' id='word_1_233' title='bbox 1579 1193 1746 1226; x_wconf 89' lang='lat' dir='ltr'>Giennen.</span> <span class='ocrx_word' id='word_1_234' title='bbox 1763 1193 1960 1233; x_wconf 87' lang='lat' dir='ltr'><strong>Capitulum</strong></span> <span class='ocrx_word' id='word_1_235' title='bbox 1975 1192 2056 1224; x_wconf 88' lang='lat' dir='ltr'>eccl.</span> <span class='ocrx_word' id='word_1_236' title='bbox 2073 1191 2294 1232; x_wconf 84' lang='lat' dir='ltr'>AEgitanien.,</span> <span class='ocrx_word' id='word_1_237' title='bbox 2313 1198 2391 1222; x_wconf 86' lang='lat' dir='ltr'>cum</span> 
     </span>
     <span class='ocr_line' id='line_1_46' title="bbox 788 1244 2390 1291; baseline -0.005 -8"><span class='ocrx_word' id='word_1_238' title='bbox 788 1252 848 1283; x_wconf 88' lang='lat' dir='ltr'>illa</span> <span class='ocrx_word' id='word_1_239' title='bbox 863 1260 923 1291; x_wconf 93' lang='lat' dir='ltr'>per</span> <span class='ocrx_word' id='word_1_240' title='bbox 940 1250 1021 1282; x_wconf 83' lang='lat' dir='ltr'>obit.</span> <span class='ocrx_word' id='word_1_241' title='bbox 1042 1249 1180 1281; x_wconf 84' lang='lat' dir='ltr'>Martini</span> <span class='ocrx_word' id='word_1_242' title='bbox 1203 1249 1271 1289; x_wconf 89' lang='lat' dir='ltr'>ep.i</span> <span class='ocrx_word' id='word_1_243' title='bbox 1287 1249 1434 1286; x_wconf 85' lang='lat' dir='ltr'>vacaret,</span> <span class='ocrx_word' id='word_1_244' title='bbox 1457 1247 1586 1279; x_wconf 89' lang='lat' dir='ltr'>dictum</span> <span class='ocrx_word' id='word_1_245' title='bbox 1607 1247 1773 1279; x_wconf 88' lang='lat' dir='ltr'>Joannem</span> <span class='ocrx_word' id='word_1_246' title='bbox 1791 1247 1826 1278; x_wconf 91' lang='lat' dir='ltr'>in</span> <span class='ocrx_word' id='word_1_247' title='bbox 1841 1255 1957 1287; x_wconf 88' lang='lat' dir='ltr'>ep.um</span> <span class='ocrx_word' id='word_1_248' title='bbox 1982 1245 2188 1287; x_wconf 83' lang='lat' dir='ltr'>AEgitanien.</span> <span class='ocrx_word' id='word_1_249' title='bbox 2207 1244 2390 1285; x_wconf 82' lang='lat' dir='ltr'>elegerant,</span> 
     </span>
    </p>
   </div>
   <div class='ocr_carea' id='block_1_22' title="bbox 787 1297 2444 1347">
    <p class='ocr_par' dir='ltr' id='par_1_24' title="bbox 787 1297 2444 1347">
     <span class='ocr_line' id='line_1_47' title="bbox 787 1297 2444 1347; baseline -0.004 -11"><span class='ocrx_word' id='word_1_250' title='bbox 787 1306 879 1345; x_wconf 90' lang='lat' dir='ltr'>Papa</span> <span class='ocrx_word' id='word_1_251' title='bbox 899 1313 990 1341; x_wconf 90' lang='lat' dir='ltr'>vero,</span> <span class='ocrx_word' id='word_1_252' title='bbox 1011 1305 1088 1335; x_wconf 86' lang='lat' dir='ltr'>ante</span> <span class='ocrx_word' id='word_1_253' title='bbox 1111 1303 1220 1343; x_wconf 85' lang='lat' dir='ltr'>ejusd.</span> <span class='ocrx_word' id='word_1_254' title='bbox 1246 1302 1384 1334; x_wconf 89' lang='lat' dir='ltr'>Martini</span> <span class='ocrx_word' id='word_1_255' title='bbox 1408 1301 1504 1340; x_wconf 65' lang='lat' dir='ltr'>obit„</span> <span class='ocrx_word' id='word_1_256' title='bbox 1529 1301 1653 1332; x_wconf 86' lang='lat' dir='ltr'>dictam</span> <span class='ocrx_word' id='word_1_257' title='bbox 1676 1301 1756 1332; x_wconf 87' lang='lat' dir='ltr'>eccl.</span> <span class='ocrx_word' id='word_1_258' title='bbox 1775 1300 1932 1340; x_wconf 89' lang='lat' dir='ltr'>disposit.</span> <span class='ocrx_word' id='word_1_259' title='bbox 1957 1308 2028 1331; x_wconf 83' lang='lat' dir='ltr'>suae</span> <span class='ocrx_word' id='word_1_260' title='bbox 2049 1298 2294 1335; x_wconf 78' lang='lat' dir='ltr'>reservaverat,</span> <span class='ocrx_word' id='word_1_261' title='bbox 2314 1297 2391 1329; x_wconf 89' lang='lat' dir='ltr'>ideo</span> <span class='ocrx_word' id='word_1_262' title='bbox 2440 1344 2444 1347; x_wconf 26' lang='grc' dir='ltr'>Ι</span> 
     </span>
    </p>
   </div>
   <div class='ocr_carea' id='block_1_23' title="bbox 782 1350 2393 3052">
    <p class='ocr_par' dir='ltr' id='par_1_25' title="bbox 787 1350 2391 1504">
     <span class='ocr_line' id='line_1_48' title="bbox 787 1350 2391 1396; baseline -0.004 -7"><span class='ocrx_word' id='word_1_263' title='bbox 787 1359 876 1389; x_wconf 84' lang='lat' dir='ltr'>dicta</span> <span class='ocrx_word' id='word_1_264' title='bbox 887 1358 1007 1389; x_wconf 83' lang='lat' dir='ltr'>electio</span> <span class='ocrx_word' id='word_1_265' title='bbox 1023 1356 1217 1388; x_wconf 89' lang='lat' dir='ltr'>confirmari</span> <span class='ocrx_word' id='word_1_266' title='bbox 1234 1355 1398 1396; x_wconf 87' lang='lat' dir='ltr'>nequivit.</span> <span class='ocrx_word' id='word_1_267' title='bbox 1413 1373 1452 1378; x_wconf 97' lang='lat'><strong>—</strong></span> <span class='ocrx_word' id='word_1_268' title='bbox 1463 1355 1490 1386; x_wconf 97' lang='lat' dir='ltr'>I.</span> <span class='ocrx_word' id='word_1_269' title='bbox 1505 1363 1534 1387; x_wconf 91' lang='lat' dir='ltr'>e.</span> <span class='ocrx_word' id='word_1_270' title='bbox 1553 1363 1598 1386; x_wconf 90' lang='lat' dir='ltr'>m.</span> <span class='ocrx_word' id='word_1_271' title='bbox 1611 1354 1712 1394; x_wconf 83' lang='lat' dir='ltr'>capit.</span> <span class='ocrx_word' id='word_1_272' title='bbox 1725 1355 1758 1386; x_wconf 89' lang='lat' dir='ltr'>et</span> <span class='ocrx_word' id='word_1_273' title='bbox 1772 1353 1934 1386; x_wconf 83' lang='lat' dir='ltr'>vassallis</span> <span class='ocrx_word' id='word_1_274' title='bbox 1951 1353 2032 1385; x_wconf 87' lang='lat' dir='ltr'>eccl.</span> <span class='ocrx_word' id='word_1_275' title='bbox 2049 1351 2268 1392; x_wconf 82' lang='lat' dir='ltr'>Portugalen.</span> <span class='ocrx_word' id='word_1_276' title='bbox 2278 1360 2288 1389; x_wconf 95' lang='lat'>;</span> <span class='ocrx_word' id='word_1_277' title='bbox 2300 1350 2391 1383; x_wconf 83' lang='lat' dir='ltr'>clero</span> 
     </span>
     <span class='ocr_line' id='line_1_49' title="bbox 787 1405 2391 1451; baseline -0.005 -8"><span class='ocrx_word' id='word_1_278' title='bbox 787 1413 820 1443; x_wconf 94' lang='lat' dir='ltr'>et</span> <span class='ocrx_word' id='word_1_279' title='bbox 846 1412 971 1451; x_wconf 84' lang='lat' dir='ltr'>populo</span> <span class='ocrx_word' id='word_1_280' title='bbox 995 1411 1085 1442; x_wconf 86' lang='lat' dir='ltr'>civit.</span> <span class='ocrx_word' id='word_1_281' title='bbox 1110 1412 1142 1442; x_wconf 91' lang='lat' dir='ltr'>et</span> <span class='ocrx_word' id='word_1_282' title='bbox 1168 1410 1216 1442; x_wconf 89' lang='lat' dir='ltr'>di.</span> <span class='ocrx_word' id='word_1_283' title='bbox 1224 1420 1233 1447; x_wconf 76' lang='lat'>3</span> <span class='ocrx_word' id='word_1_284' title='bbox 1258 1409 1429 1449; x_wconf 77' lang='lat' dir='ltr'>archiepo</span> <span class='ocrx_word' id='word_1_285' title='bbox 1455 1408 1677 1445; x_wconf 84' lang='lat' dir='ltr'>Bracharen.;</span> <span class='ocrx_word' id='word_1_286' title='bbox 1708 1408 1876 1448; x_wconf 78' lang='lat' dir='ltr'>Dionysio</span> <span class='ocrx_word' id='word_1_287' title='bbox 1900 1407 1973 1448; x_wconf 86' lang='lat' dir='ltr'>regi</span> <span class='ocrx_word' id='word_1_288' title='bbox 1997 1405 2228 1447; x_wconf 80' lang='lat' dir='ltr'>Portugalliae.</span> <span class='ocrx_word' id='word_1_289' title='bbox 2256 1405 2308 1445; x_wconf 77' lang='lat' dir='ltr'>(A.</span> <span class='ocrx_word' id='word_1_290' title='bbox 2341 1405 2391 1443; x_wconf 84' lang='lat'>18,</span> 
     </span>
     <span class='ocr_line' id='line_1_50' title="bbox 787 1463 1234 1504; baseline -0.004 -8"><span class='ocrx_word' id='word_1_291' title='bbox 787 1465 809 1496; x_wconf 85' lang='lat' dir='ltr'>f.</span> <span class='ocrx_word' id='word_1_292' title='bbox 829 1466 886 1497; x_wconf 90' lang='grc'>108</span> <span class='ocrx_word' id='word_1_293' title='bbox 900 1465 932 1500; x_wconf 80' lang='lat' dir='ltr'>b;</span> <span class='ocrx_word' id='word_1_294' title='bbox 958 1464 990 1495; x_wconf 90' lang='lat' dir='ltr'>V.</span> <span class='ocrx_word' id='word_1_295' title='bbox 1009 1467 1060 1501; x_wconf 71' lang='lat'>74,</span> <span class='ocrx_word' id='word_1_296' title='bbox 1077 1473 1129 1504; x_wconf 86' lang='lat' dir='ltr'>ep.</span> <span class='ocrx_word' id='word_1_297' title='bbox 1149 1463 1234 1504; x_wconf 81' lang='lat'>116.)</span> 
     </span>
    </p>

    <p class='ocr_par' dir='ltr' id='par_1_26' title="bbox 793 1512 2390 1611">
     <span class='ocr_line' id='line_1_51' title="bbox 834 1512 2390 1557; baseline -0.003 -9"><span class='ocrx_word' id='word_1_298' title='bbox 834 1515 969 1548; x_wconf 88' lang='grc'><strong>16517.</strong></span> <span class='ocrx_word' id='word_1_299' title='bbox 990 1536 1028 1541; x_wconf 85' lang='lat'>—</span> <span class='ocrx_word' id='word_1_300' title='bbox 1044 1518 1252 1549; x_wconf 84' lang='lat' dir='ltr'>Reservatur</span> <span class='ocrx_word' id='word_1_301' title='bbox 1272 1516 1494 1557; x_wconf 76' lang='lat' dir='ltr'>praecentoria</span> <span class='ocrx_word' id='word_1_302' title='bbox 1510 1515 1590 1548; x_wconf 88' lang='lat' dir='ltr'>eccl.</span> <span class='ocrx_word' id='word_1_303' title='bbox 1609 1516 1783 1548; x_wconf 85' lang='lat' dir='ltr'>Mimaten.</span> <span class='ocrx_word' id='word_1_304' title='bbox 1803 1515 1961 1555; x_wconf 86' lang='lat' dir='ltr'>disposit.</span> <span class='ocrx_word' id='word_1_305' title='bbox 1979 1514 2011 1546; x_wconf 90' lang='lat' dir='ltr'>S.</span> <span class='ocrx_word' id='word_1_306' title='bbox 2032 1514 2072 1546; x_wconf 86' lang='lat' dir='ltr'>A.</span> <span class='ocrx_word' id='word_1_307' title='bbox 2089 1513 2144 1555; x_wconf 85' lang='lat' dir='ltr'>(A.</span> <span class='ocrx_word' id='word_1_308' title='bbox 2165 1514 2214 1552; x_wconf 86' lang='lat'>18,</span> <span class='ocrx_word' id='word_1_309' title='bbox 2236 1512 2259 1544; x_wconf 82' lang='lat' dir='ltr'>f.</span> <span class='ocrx_word' id='word_1_310' title='bbox 2285 1512 2346 1544; x_wconf 76' lang='lat'>552</span> <span class='ocrx_word' id='word_1_311' title='bbox 2358 1515 2390 1548; x_wconf 85' lang='lat'>·;</span> 
     </span>
     <span class='ocr_line' id='line_1_52' title="bbox 793 1571 1085 1611; baseline 0 -9"><span class='ocrx_word' id='word_1_312' title='bbox 793 1571 825 1604; x_wconf 87' lang='lat' dir='ltr'>V.</span> <span class='ocrx_word' id='word_1_313' title='bbox 845 1574 894 1609; x_wconf 83' lang='lat'>75,</span> <span class='ocrx_word' id='word_1_314' title='bbox 912 1581 964 1611; x_wconf 91' lang='lat' dir='ltr'>ep.</span> <span class='ocrx_word' id='word_1_315' title='bbox 983 1573 1085 1610; x_wconf 87' lang='grc'><strong>1006.)</strong></span> 
     </span>
    </p>

    <p class='ocr_par' dir='ltr' id='par_1_27' title="bbox 787 1611 2390 1718">
     <span class='ocr_line' id='line_1_53' title="bbox 834 1611 2390 1662; baseline -0.002 -9"><span class='ocrx_word' id='word_1_316' title='bbox 834 1622 969 1654; x_wconf 86' lang='grc'><strong>16518.</strong></span> <span class='ocrx_word' id='word_1_317' title='bbox 988 1643 1025 1647; x_wconf 94' lang='grc'>-</span> <span class='ocrx_word' id='word_1_318' title='bbox 1043 1624 1182 1655; x_wconf 81' lang='lat' dir='ltr'>Menueeo</span> <span class='ocrx_word' id='word_1_319' title='bbox 1195 1624 1232 1655; x_wconf 86' lang='lat' dir='ltr'>de</span> <span class='ocrx_word' id='word_1_320' title='bbox 1250 1623 1476 1662; x_wconf 78' lang='lat' dir='ltr'>Boberticuria,</span> <span class='ocrx_word' id='word_1_321' title='bbox 1494 1623 1575 1654; x_wconf 88' lang='lat' dir='ltr'>cler.</span> <span class='ocrx_word' id='word_1_322' title='bbox 1594 1622 1729 1655; x_wconf 89' lang='lat' dir='ltr'>Tullen.</span> <span class='ocrx_word' id='word_1_323' title='bbox 1747 1622 1808 1660; x_wconf 92' lang='lat' dir='ltr'>di.,</span> <span class='ocrx_word' id='word_1_324' title='bbox 1824 1630 1916 1654; x_wconf 91' lang='lat' dir='ltr'>conc.</span> <span class='ocrx_word' id='word_1_325' title='bbox 1936 1621 2180 1653; x_wconf 82' lang='lat' dir='ltr'>tabellionatus</span> <span class='ocrx_word' id='word_1_326' title='bbox 2196 1620 2251 1652; x_wconf 83' lang='lat' dir='ltr'>off.</span> <span class='ocrx_word' id='word_1_327' title='bbox 2269 1611 2321 1658; x_wconf 83' lang='lat' dir='ltr'>(A.</span> <span class='ocrx_word' id='word_1_328' title='bbox 2340 1620 2390 1656; x_wconf 85' lang='grc'>18,</span> 
     </span>
     <span class='ocr_line' id='line_1_54' title="bbox 787 1678 1249 1718; baseline 0.004 -10"><span class='ocrx_word' id='word_1_329' title='bbox 787 1679 810 1709; x_wconf 84' lang='lat' dir='ltr'>f.</span> <span class='ocrx_word' id='word_1_330' title='bbox 827 1680 887 1710; x_wconf 81' lang='grc'>299</span> <span class='ocrx_word' id='word_1_331' title='bbox 901 1678 933 1716; x_wconf 76' lang='lat'>¹³3</span> <span class='ocrx_word' id='word_1_332' title='bbox 957 1678 993 1710; x_wconf 87' lang='lat' dir='ltr'>V.</span> <span class='ocrx_word' id='word_1_333' title='bbox 1007 1680 1058 1716; x_wconf 85' lang='lat'>75,</span> <span class='ocrx_word' id='word_1_334' title='bbox 1075 1687 1127 1718; x_wconf 89' lang='lat' dir='ltr'>ep.</span> <span class='ocrx_word' id='word_1_335' title='bbox 1147 1679 1249 1717; x_wconf 82' lang='grc'><strong>1723)</strong></span> 
     </span>
    </p>

    <p class='ocr_par' dir='ltr' id='par_1_28' title="bbox 786 1725 2392 1932">
     <span class='ocr_line' id='line_1_55' title="bbox 834 1725 2392 1772; baseline -0.003 -10"><span class='ocrx_word' id='word_1_336' title='bbox 834 1729 968 1762; x_wconf 87' lang='grc'><strong>16519.</strong></span> <span class='ocrx_word' id='word_1_337' title='bbox 991 1750 1027 1755; x_wconf 92' lang='lat'><em>-</em></span> <span class='ocrx_word' id='word_1_338' title='bbox 1048 1732 1163 1763; x_wconf 73' lang='lat' dir='ltr'>Ioanni</span> <span class='ocrx_word' id='word_1_339' title='bbox 1186 1731 1353 1772; x_wconf 79' lang='lat' dir='ltr'>Taupineei</span> <span class='ocrx_word' id='word_1_340' title='bbox 1369 1739 1464 1771; x_wconf 57' lang='lat' dir='ltr'>prom</span> <span class='ocrx_word' id='word_1_341' title='bbox 1487 1739 1605 1762; x_wconf 87' lang='lat' dir='ltr'>canon.</span> <span class='ocrx_word' id='word_1_342' title='bbox 1630 1730 1710 1761; x_wconf 90' lang='lat' dir='ltr'>eccl.</span> <span class='ocrx_word' id='word_1_343' title='bbox 1730 1729 1768 1760; x_wconf 90' lang='lat' dir='ltr'>B.</span> <span class='ocrx_word' id='word_1_344' title='bbox 1788 1729 1833 1760; x_wconf 88' lang='lat' dir='ltr'>M.</span> <span class='ocrx_word' id='word_1_345' title='bbox 1854 1728 1894 1760; x_wconf 89' lang='lat' dir='ltr'>de</span> <span class='ocrx_word' id='word_1_346' title='bbox 1910 1728 2028 1766; x_wconf 80' lang='lat' dir='ltr'>Belua,</span> <span class='ocrx_word' id='word_1_347' title='bbox 2045 1727 2230 1759; x_wconf 88' lang='lat' dir='ltr'>AEduensis</span> <span class='ocrx_word' id='word_1_348' title='bbox 2249 1726 2310 1764; x_wconf 63' lang='lat' dir='ltr'>di„</span> <span class='ocrx_word' id='word_1_349' title='bbox 2327 1725 2392 1758; x_wconf 91' lang='lat' dir='ltr'>sub</span> 
     </span>
     <span class='ocr_line' id='line_1_56' title="bbox 787 1779 2390 1825; baseline -0.003 -9"><span class='ocrx_word' id='word_1_350' title='bbox 787 1794 881 1825; x_wconf 84' lang='lat' dir='ltr'>exsp.</span> <span class='ocrx_word' id='word_1_351' title='bbox 899 1785 1002 1825; x_wconf 86' lang='lat' dir='ltr'>praeb.</span> <span class='ocrx_word' id='word_1_352' title='bbox 1019 1803 1057 1807; x_wconf 91' lang='lat'>—</span> <span class='ocrx_word' id='word_1_353' title='bbox 1072 1785 1098 1816; x_wconf 93' lang='lat' dir='ltr'>I.</span> <span class='ocrx_word' id='word_1_354' title='bbox 1115 1794 1144 1816; x_wconf 89' lang='lat' dir='ltr'>e.</span> <span class='ocrx_word' id='word_1_355' title='bbox 1162 1794 1206 1816; x_wconf 91' lang='lat' dir='ltr'>m.</span> <span class='ocrx_word' id='word_1_356' title='bbox 1225 1793 1252 1816; x_wconf 91' lang='lat' dir='ltr'>s.</span> <span class='ocrx_word' id='word_1_357' title='bbox 1269 1784 1466 1824; x_wconf 84' lang='lat' dir='ltr'>Margaretae</span> <span class='ocrx_word' id='word_1_358' title='bbox 1478 1785 1511 1815; x_wconf 90' lang='lat' dir='ltr'>et</span> <span class='ocrx_word' id='word_1_359' title='bbox 1523 1784 1564 1815; x_wconf 92' lang='lat' dir='ltr'>de</span> <span class='ocrx_word' id='word_1_360' title='bbox 1577 1783 1736 1815; x_wconf 84' lang='lat' dir='ltr'>Maseriis</span> <span class='ocrx_word' id='word_1_361' title='bbox 1750 1783 1896 1814; x_wconf 88' lang='lat' dir='ltr'>monast.</span> <span class='ocrx_word' id='word_1_362' title='bbox 1914 1781 2005 1819; x_wconf 65' lang='lat' dir='ltr'>abb„</span> <span class='ocrx_word' id='word_1_363' title='bbox 2023 1790 2061 1813; x_wconf 88' lang='lat' dir='ltr'>ac</span> <span class='ocrx_word' id='word_1_364' title='bbox 2078 1780 2282 1821; x_wconf 87' lang='lat' dir='ltr'>Raymundo</span> <span class='ocrx_word' id='word_1_365' title='bbox 2296 1779 2390 1812; x_wconf 87' lang='lat' dir='ltr'>Sobi-</span> 
     </span>
     <span class='ocr_line' id='line_1_57' title="bbox 786 1833 2391 1878; baseline -0.002 -8"><span class='ocrx_word' id='word_1_366' title='bbox 786 1840 859 1870; x_wconf 86' lang='lat' dir='ltr'>rani</span> <span class='ocrx_word' id='word_1_367' title='bbox 881 1839 1006 1870; x_wconf 86' lang='lat' dir='ltr'>decano</span> <span class='ocrx_word' id='word_1_368' title='bbox 1031 1838 1111 1870; x_wconf 86' lang='lat' dir='ltr'>eccl.</span> <span class='ocrx_word' id='word_1_369' title='bbox 1141 1838 1404 1878; x_wconf 85' lang='lat' dir='ltr'>Montisregalis‚</span> <span class='ocrx_word' id='word_1_370' title='bbox 1430 1837 1589 1874; x_wconf 89' lang='lat' dir='ltr'>AEduen.,</span> <span class='ocrx_word' id='word_1_371' title='bbox 1617 1836 1829 1873; x_wconf 71' lang='lat' dir='ltr'>cabilonen,</span> <span class='ocrx_word' id='word_1_372' title='bbox 1852 1837 1886 1868; x_wconf 90' lang='lat' dir='ltr'>et</span> <span class='ocrx_word' id='word_1_373' title='bbox 1911 1835 2155 1867; x_wconf 80' lang='lat' dir='ltr'>carcassonen.</span> <span class='ocrx_word' id='word_1_374' title='bbox 2183 1834 2229 1865; x_wconf 88' lang='lat' dir='ltr'>di.</span> <span class='ocrx_word' id='word_1_375' title='bbox 2256 1833 2311 1875; x_wconf 84' lang='grc' dir='ltr'>(Α.</span> <span class='ocrx_word' id='word_1_376' title='bbox 2341 1834 2391 1870; x_wconf 90' lang='grc'>18,</span> 
     </span>
     <span class='ocr_line' id='line_1_58' title="bbox 786 1892 1193 1932; baseline -0.002 -9"><span class='ocrx_word' id='word_1_377' title='bbox 786 1893 809 1923; x_wconf 84' lang='lat' dir='ltr'>f.</span> <span class='ocrx_word' id='word_1_378' title='bbox 827 1894 861 1924; x_wconf 85' lang='lat'>51</span> <span class='ocrx_word' id='word_1_379' title='bbox 878 1898 911 1930; x_wconf 82' lang='lat'>¹3</span> <span class='ocrx_word' id='word_1_380' title='bbox 936 1892 969 1922; x_wconf 91' lang='lat' dir='ltr'>V.</span> <span class='ocrx_word' id='word_1_381' title='bbox 990 1894 1040 1930; x_wconf 79' lang='lat'>74,</span> <span class='ocrx_word' id='word_1_382' title='bbox 1056 1901 1107 1932; x_wconf 89' lang='lat' dir='ltr'>ep.</span> <span class='ocrx_word' id='word_1_383' title='bbox 1126 1892 1193 1931; x_wconf 87' lang='grc'><strong>90.)</strong></span> 
     </span>
    </p>

    <p class='ocr_par' dir='ltr' id='par_1_29' title="bbox 782 1940 2393 2199">
     <span class='ocr_line' id='line_1_59' title="bbox 833 1940 2392 1985; baseline -0.001 -11"><span class='ocrx_word' id='word_1_384' title='bbox 833 1943 967 1975; x_wconf 78' lang='grc'><strong>16520.</strong></span> <span class='ocrx_word' id='word_1_385' title='bbox 989 1963 1028 1968; x_wconf 92' lang='grc'>-</span> <span class='ocrx_word' id='word_1_386' title='bbox 1051 1946 1167 1977; x_wconf 82' lang='lat' dir='ltr'>Joanm&#39;</span> <span class='ocrx_word' id='word_1_387' title='bbox 1183 1945 1220 1975; x_wconf 83' lang='lat' dir='ltr'>de</span> <span class='ocrx_word' id='word_1_388' title='bbox 1243 1944 1340 1976; x_wconf 82' lang='lat' dir='ltr'>Belna</span> <span class='ocrx_word' id='word_1_389' title='bbox 1357 1946 1390 1976; x_wconf 92' lang='lat' dir='ltr'>O.</span> <span class='ocrx_word' id='word_1_390' title='bbox 1409 1944 1446 1975; x_wconf 79' lang='lat' dir='ltr'>F.</span> <span class='ocrx_word' id='word_1_391' title='bbox 1463 1944 1516 1982; x_wconf 89' lang='lat' dir='ltr'>P.,</span> <span class='ocrx_word' id='word_1_392' title='bbox 1535 1943 1714 1985; x_wconf 74' lang='lat' dir='ltr'>inquisitori</span> <span class='ocrx_word' id='word_1_393' title='bbox 1735 1943 1882 1974; x_wconf 76' lang='lat' dir='ltr'>ltaerecicae</span> <span class='ocrx_word' id='word_1_394' title='bbox 1896 1942 2065 1984; x_wconf 81' lang='lat' dir='ltr'>pravitatis</span> <span class='ocrx_word' id='word_1_395' title='bbox 2086 1941 2119 1972; x_wconf 82' lang='lat' dir='ltr'>in</span> <span class='ocrx_word' id='word_1_396' title='bbox 2133 1951 2226 1983; x_wconf 76' lang='lat' dir='ltr'>reyno</span> <span class='ocrx_word' id='word_1_397' title='bbox 2249 1940 2392 1972; x_wconf 66' lang='lat' dir='ltr'>Francia</span> 
     </span>
     <span class='ocr_line' id='line_1_60' title="bbox 782 1994 2393 2040; baseline -0.003 -10"><span class='ocrx_word' id='word_1_398' title='bbox 782 2009 840 2040; x_wconf 85' lang='lat' dir='ltr'>per</span> <span class='ocrx_word' id='word_1_399' title='bbox 858 1999 894 2030; x_wconf 91' lang='lat' dir='ltr'>S.</span> <span class='ocrx_word' id='word_1_400' title='bbox 915 2000 954 2030; x_wconf 84' lang='lat' dir='ltr'>A.</span> <span class='ocrx_word' id='word_1_401' title='bbox 974 1999 1130 2040; x_wconf 74' lang='lat' dir='ltr'>deputato,</span> <span class='ocrx_word' id='word_1_402' title='bbox 1144 2009 1180 2029; x_wconf 87' lang='lat' dir='ltr'>ac</span> <span class='ocrx_word' id='word_1_403' title='bbox 1192 1998 1368 2030; x_wconf 82' lang='lat' dir='ltr'>Berlrando</span> <span class='ocrx_word' id='word_1_404' title='bbox 1384 1997 1421 2029; x_wconf 85' lang='lat' dir='ltr'>de</span> <span class='ocrx_word' id='word_1_405' title='bbox 1437 1998 1587 2035; x_wconf 74' lang='lat' dir='ltr'>Aur-iaco,</span> <span class='ocrx_word' id='word_1_406' title='bbox 1601 2007 1670 2028; x_wconf 84' lang='lat' dir='ltr'>can.</span> <span class='ocrx_word' id='word_1_407' title='bbox 1689 1996 1762 2029; x_wconf 84' lang='lat' dir='ltr'>eccl.</span> <span class='ocrx_word' id='word_1_408' title='bbox 1780 2007 1804 2027; x_wconf 84' lang='lat' dir='ltr'>s.</span> <span class='ocrx_word' id='word_1_409' title='bbox 1828 1996 1980 2028; x_wconf 68' lang='lat' dir='ltr'>Vincentia*</span> <span class='ocrx_word' id='word_1_410' title='bbox 1993 1995 2030 2026; x_wconf 83' lang='lat' dir='ltr'>de</span> <span class='ocrx_word' id='word_1_411' title='bbox 2047 1994 2247 2036; x_wconf 78' lang='lat' dir='ltr'>Montereqali</span> <span class='ocrx_word' id='word_1_412' title='bbox 2263 1994 2393 2026; x_wconf 77' lang='lat' dir='ltr'>Carcas-</span> 
     </span>
     <span class='ocr_line' id='line_1_61' title="bbox 784 2048 2392 2091; baseline -0.001 -9"><span class='ocrx_word' id='word_1_413' title='bbox 784 2062 888 2083; x_wconf 83' lang='lat' dir='ltr'>sonen.</span> <span class='ocrx_word' id='word_1_414' title='bbox 903 2052 960 2089; x_wconf 65' lang='lat' dir='ltr'>di„</span> <span class='ocrx_word' id='word_1_415' title='bbox 977 2052 1216 2084; x_wconf 84' lang='lat' dir='ltr'>executoribus</span> <span class='ocrx_word' id='word_1_416' title='bbox 1230 2053 1428 2084; x_wconf 84' lang='lat' dir='ltr'>testamenti</span> <span class='ocrx_word' id='word_1_417' title='bbox 1446 2051 1478 2083; x_wconf 91' lang='lat' dir='ltr'>b.</span> <span class='ocrx_word' id='word_1_418' title='bbox 1496 2060 1542 2083; x_wconf 91' lang='lat' dir='ltr'>m.</span> <span class='ocrx_word' id='word_1_419' title='bbox 1560 2051 1654 2083; x_wconf 89' lang='lat' dir='ltr'>Petri</span> <span class='ocrx_word' id='word_1_420' title='bbox 1668 2050 1735 2091; x_wconf 89' lang='lat' dir='ltr'>ep.i</span> <span class='ocrx_word' id='word_1_421' title='bbox 1751 2051 2009 2087; x_wconf 57' lang='lat' dir='ltr'>carcassonen„</span> <span class='ocrx_word' id='word_1_422' title='bbox 2025 2057 2118 2081; x_wconf 87' lang='lat' dir='ltr'>conc.</span> <span class='ocrx_word' id='word_1_423' title='bbox 2139 2050 2177 2080; x_wconf 91' lang='lat' dir='ltr'>ut</span> <span class='ocrx_word' id='word_1_424' title='bbox 2191 2048 2326 2089; x_wconf 82' lang='lat' dir='ltr'>possint</span> <span class='ocrx_word' id='word_1_425' title='bbox 2341 2057 2392 2080; x_wconf 87' lang='lat' dir='ltr'>re-</span> 
     </span>
     <span class='ocr_line' id='line_1_62' title="bbox 784 2102 2392 2146; baseline -0.002 -9"><span class='ocrx_word' id='word_1_426' title='bbox 784 2106 912 2137; x_wconf 86' lang='lat' dir='ltr'>tardari</span> <span class='ocrx_word' id='word_1_427' title='bbox 936 2106 1171 2137; x_wconf 83' lang='lat' dir='ltr'>executionem</span> <span class='ocrx_word' id='word_1_428' title='bbox 1194 2105 1390 2146; x_wconf 88' lang='lat' dir='ltr'>hujusmodi</span> <span class='ocrx_word' id='word_1_429' title='bbox 1405 2105 1612 2140; x_wconf 85' lang='lat' dir='ltr'>testamenti,</span> <span class='ocrx_word' id='word_1_430' title='bbox 1629 2105 1663 2136; x_wconf 90' lang='lat' dir='ltr'>et</span> <span class='ocrx_word' id='word_1_431' title='bbox 1681 2103 1824 2136; x_wconf 80' lang='lat' dir='ltr'>interim&#39;</span> <span class='ocrx_word' id='word_1_432' title='bbox 1835 2112 1964 2135; x_wconf 85' lang='lat' dir='ltr'>excom.</span> <span class='ocrx_word' id='word_1_433' title='bbox 1983 2102 2200 2140; x_wconf 89' lang='lat' dir='ltr'>sententiam,</span> <span class='ocrx_word' id='word_1_434' title='bbox 2212 2102 2311 2142; x_wconf 89' lang='lat' dir='ltr'>juxta</span> <span class='ocrx_word' id='word_1_435' title='bbox 2324 2102 2392 2134; x_wconf 86' lang='lat' dir='ltr'>sta·</span> 
     </span>
     <span class='ocr_line' id='line_1_63' title="bbox 784 2155 2312 2199; baseline -0.003 -9"><span class='ocrx_word' id='word_1_436' title='bbox 784 2161 894 2190; x_wconf 87' lang='lat' dir='ltr'>tutum</span> <span class='ocrx_word' id='word_1_437' title='bbox 910 2159 1073 2199; x_wconf 79' lang='lat' dir='ltr'>synodale</span> <span class='ocrx_word' id='word_1_438' title='bbox 1087 2160 1330 2191; x_wconf 76' lang='lat' dir='ltr'>carcassonen.</span> <span class='ocrx_word' id='word_1_439' title='bbox 1350 2159 1444 2197; x_wconf 81' lang='lat' dir='ltr'>ech,</span> <span class='ocrx_word' id='word_1_440' title='bbox 1464 2167 1530 2190; x_wconf 90' lang='lat' dir='ltr'>non</span> <span class='ocrx_word' id='word_1_441' title='bbox 1546 2158 1732 2189; x_wconf 84' lang='lat' dir='ltr'>incurrant.</span> <span class='ocrx_word' id='word_1_442' title='bbox 1750 2157 1803 2198; x_wconf 82' lang='lat' dir='ltr'>(A.</span> <span class='ocrx_word' id='word_1_443' title='bbox 1828 2158 1878 2195; x_wconf 90' lang='lat'>18,</span> <span class='ocrx_word' id='word_1_444' title='bbox 1901 2156 1925 2187; x_wconf 85' lang='lat' dir='ltr'>f.</span> <span class='ocrx_word' id='word_1_445' title='bbox 1941 2157 1981 2188; x_wconf 75' lang='lat'>53</span> <span class='ocrx_word' id='word_1_446' title='bbox 1998 2161 2030 2192; x_wconf 76' lang='lat'>¹3</span> <span class='ocrx_word' id='word_1_447' title='bbox 2053 2155 2087 2187; x_wconf 90' lang='lat' dir='ltr'>V.</span> <span class='ocrx_word' id='word_1_448' title='bbox 2105 2157 2155 2194; x_wconf 76' lang='lat'>74,</span> <span class='ocrx_word' id='word_1_449' title='bbox 2173 2163 2226 2196; x_wconf 89' lang='lat' dir='ltr'>ep.</span> <span class='ocrx_word' id='word_1_450' title='bbox 2244 2155 2312 2196; x_wconf 78' lang='grc'><strong>95.)</strong></span> 
     </span>
    </p>

    <p class='ocr_par' dir='ltr' id='par_1_30' title="bbox 785 2208 2393 2466">
     <span class='ocr_line' id='line_1_64' title="bbox 831 2208 2390 2253; baseline -0.001 -12"><span class='ocrx_word' id='word_1_451' title='bbox 831 2210 965 2241; x_wconf 77' lang='grc'><strong>16521.</strong></span> <span class='ocrx_word' id='word_1_452' title='bbox 982 2230 1018 2235; x_wconf 90' lang='lat'>—-</span> <span class='ocrx_word' id='word_1_453' title='bbox 1033 2212 1161 2253; x_wconf 77' lang='lat' dir='ltr'>Huqoni</span> <span class='ocrx_word' id='word_1_454' title='bbox 1171 2212 1207 2243; x_wconf 82' lang='lat' dir='ltr'>de</span> <span class='ocrx_word' id='word_1_455' title='bbox 1225 2211 1420 2253; x_wconf 73' lang='lat' dir='ltr'>Enqolisma,</span> <span class='ocrx_word' id='word_1_456' title='bbox 1437 2211 1557 2242; x_wconf 78' lang='lat' dir='ltr'>archid.</span> <span class='ocrx_word' id='word_1_457' title='bbox 1573 2210 1609 2242; x_wconf 82' lang='lat' dir='ltr'>de</span> <span class='ocrx_word' id='word_1_458' title='bbox 1624 2209 1762 2242; x_wconf 42' lang='lat' dir='ltr'>Biliomo*</span> <span class='ocrx_word' id='word_1_459' title='bbox 1773 2211 1805 2241; x_wconf 87' lang='lat' dir='ltr'>in</span> <span class='ocrx_word' id='word_1_460' title='bbox 1817 2210 1889 2241; x_wconf 85' lang='lat' dir='ltr'>eccl.</span> <span class='ocrx_word' id='word_1_461' title='bbox 1906 2209 2145 2247; x_wconf 65' lang='lat' dir='ltr'>claromonten„</span> <span class='ocrx_word' id='word_1_462' title='bbox 2158 2209 2256 2250; x_wconf 76' lang='lat' dir='ltr'>Papae</span> <span class='ocrx_word' id='word_1_463' title='bbox 2271 2208 2390 2244; x_wconf 76' lang='lat' dir='ltr'>nuntio,</span> 
     </span>
     <span class='ocr_line' id='line_1_65' title="bbox 786 2262 2392 2306; baseline -0.001 -10"><span class='ocrx_word' id='word_1_464' title='bbox 786 2266 897 2296; x_wconf 87' lang='lat' dir='ltr'>mand.</span> <span class='ocrx_word' id='word_1_465' title='bbox 915 2267 951 2297; x_wconf 92' lang='lat' dir='ltr'>ut</span> <span class='ocrx_word' id='word_1_466' title='bbox 967 2265 1132 2306; x_wconf 86' lang='lat' dir='ltr'>astringat</span> <span class='ocrx_word' id='word_1_467' title='bbox 1148 2265 1248 2305; x_wconf 87' lang='lat' dir='ltr'>capit.</span> <span class='ocrx_word' id='word_1_468' title='bbox 1265 2266 1509 2297; x_wconf 79' lang='lat' dir='ltr'>carcassonen.</span> <span class='ocrx_word' id='word_1_469' title='bbox 1528 2265 1570 2296; x_wconf 91' lang='lat' dir='ltr'>ad</span> <span class='ocrx_word' id='word_1_470' title='bbox 1585 2264 1795 2296; x_wconf 87' lang='lat' dir='ltr'>reddendum</span> <span class='ocrx_word' id='word_1_471' title='bbox 1808 2263 1897 2295; x_wconf 89' lang='lat' dir='ltr'>bona</span> <span class='ocrx_word' id='word_1_472' title='bbox 1911 2263 2063 2304; x_wconf 88' lang='lat' dir='ltr'>episcopi</span> <span class='ocrx_word' id='word_1_473' title='bbox 2080 2262 2231 2295; x_wconf 81' lang='lat' dir='ltr'>defuncti</span> <span class='ocrx_word' id='word_1_474' title='bbox 2247 2262 2306 2303; x_wconf 86' lang='lat' dir='ltr'>qui</span> <span class='ocrx_word' id='word_1_475' title='bbox 2321 2270 2392 2294; x_wconf 92' lang='lat' dir='ltr'>om-</span> 
     </span>
     <span class='ocr_line' id='line_1_66' title="bbox 786 2315 2393 2359; baseline -0.002 -9"><span class='ocrx_word' id='word_1_476' title='bbox 786 2319 842 2350; x_wconf 89' lang='lat' dir='ltr'>nia</span> <span class='ocrx_word' id='word_1_477' title='bbox 857 2328 938 2350; x_wconf 81' lang='lat' dir='ltr'>vasa</span> <span class='ocrx_word' id='word_1_478' title='bbox 955 2321 1113 2359; x_wconf 87' lang='lat' dir='ltr'>argentea</span> <span class='ocrx_word' id='word_1_479' title='bbox 1130 2319 1172 2350; x_wconf 90' lang='lat' dir='ltr'>ad</span> <span class='ocrx_word' id='word_1_480' title='bbox 1189 2328 1289 2350; x_wconf 90' lang='lat' dir='ltr'>usum</span> <span class='ocrx_word' id='word_1_481' title='bbox 1308 2319 1460 2359; x_wconf 84' lang='lat' dir='ltr'>coquinae</span> <span class='ocrx_word' id='word_1_482' title='bbox 1486 2320 1518 2350; x_wconf 89' lang='lat' dir='ltr'>et</span> <span class='ocrx_word' id='word_1_483' title='bbox 1542 2318 1627 2350; x_wconf 83' lang='lat' dir='ltr'>aulae</span> <span class='ocrx_word' id='word_1_484' title='bbox 1645 2326 1706 2358; x_wconf 91' lang='lat' dir='ltr'>pro</span> <span class='ocrx_word' id='word_1_485' title='bbox 1725 2317 1888 2349; x_wconf 83' lang='lat' dir='ltr'>calicibus</span> <span class='ocrx_word' id='word_1_486' title='bbox 1910 2316 2077 2348; x_wconf 85' lang='lat' dir='ltr'>faciendis</span> <span class='ocrx_word' id='word_1_487' title='bbox 2094 2317 2127 2348; x_wconf 87' lang='lat' dir='ltr'>et</span> <span class='ocrx_word' id='word_1_488' title='bbox 2143 2315 2393 2348; x_wconf 74' lang='lat' dir='ltr'>distribuendis</span> 
     </span>
     <span class='ocr_line' id='line_1_67' title="bbox 785 2369 2388 2413; baseline -0.002 -9"><span class='ocrx_word' id='word_1_489' title='bbox 785 2373 940 2404; x_wconf 88' lang='lat' dir='ltr'>ecclesiis</span> <span class='ocrx_word' id='word_1_490' title='bbox 967 2381 1038 2404; x_wconf 82' lang='lat' dir='ltr'>suae</span> <span class='ocrx_word' id='word_1_491' title='bbox 1065 2373 1157 2404; x_wconf 88' lang='lat' dir='ltr'>civit.</span> <span class='ocrx_word' id='word_1_492' title='bbox 1186 2374 1219 2404; x_wconf 91' lang='lat' dir='ltr'>et</span> <span class='ocrx_word' id='word_1_493' title='bbox 1243 2373 1288 2404; x_wconf 90' lang='lat' dir='ltr'>di.</span> <span class='ocrx_word' id='word_1_494' title='bbox 1315 2373 1452 2413; x_wconf 84' lang='lat' dir='ltr'>legavit,</span> <span class='ocrx_word' id='word_1_495' title='bbox 1474 2372 1685 2404; x_wconf 87' lang='lat' dir='ltr'>instantibus</span> <span class='ocrx_word' id='word_1_496' title='bbox 1715 2371 1887 2412; x_wconf 76' lang='lat' dir='ltr'>praedictis</span> <span class='ocrx_word' id='word_1_497' title='bbox 1916 2369 2157 2403; x_wconf 85' lang='lat' dir='ltr'>executoribus</span> <span class='ocrx_word' id='word_1_498' title='bbox 2180 2369 2388 2402; x_wconf 79' lang='lat' dir='ltr'>testamenti.</span> 
     </span>
     <span class='ocr_line' id='line_1_68' title="bbox 786 2425 1338 2466; baseline 0 -10"><span class='ocrx_word' id='word_1_499' title='bbox 786 2426 837 2465; x_wconf 86' lang='grc' dir='ltr'>(Α.</span> <span class='ocrx_word' id='word_1_500' title='bbox 864 2427 913 2462; x_wconf 87' lang='grc'>18,</span> <span class='ocrx_word' id='word_1_501' title='bbox 931 2426 1008 2458; x_wconf 56' lang='lat'>¹153</span> <span class='ocrx_word' id='word_1_502' title='bbox 1024 2425 1058 2463; x_wconf 78' lang='grc' dir='ltr'>ι’;</span> <span class='ocrx_word' id='word_1_503' title='bbox 1085 2425 1116 2456; x_wconf 89' lang='lat' dir='ltr'>V.</span> <span class='ocrx_word' id='word_1_504' title='bbox 1136 2428 1185 2464; x_wconf 77' lang='grc'><strong>74,</strong></span> <span class='ocrx_word' id='word_1_505' title='bbox 1202 2435 1255 2466; x_wconf 88' lang='lat' dir='ltr'>ep.</span> <span class='ocrx_word' id='word_1_506' title='bbox 1273 2426 1338 2466; x_wconf 83' lang='lat'>96.)</span> 
     </span>
    </p>

    <p class='ocr_par' dir='ltr' id='par_1_31' title="bbox 785 2476 2391 2678">
     <span class='ocr_line' id='line_1_69' title="bbox 832 2476 2390 2518; baseline 0.001 -11"><span class='ocrx_word' id='word_1_507' title='bbox 832 2476 967 2508; x_wconf 89' lang='grc'><strong>16522.</strong></span> <span class='ocrx_word' id='word_1_508' title='bbox 986 2497 1022 2502; x_wconf 90' lang='grc'>-</span> <span class='ocrx_word' id='word_1_509' title='bbox 1038 2478 1114 2509; x_wconf 78' lang='lat' dir='ltr'>Eid.</span> <span class='ocrx_word' id='word_1_510' title='bbox 1131 2479 1244 2510; x_wconf 88' lang='lat' dir='ltr'>mand.</span> <span class='ocrx_word' id='word_1_511' title='bbox 1262 2480 1298 2510; x_wconf 92' lang='lat' dir='ltr'>ut</span> <span class='ocrx_word' id='word_1_512' title='bbox 1320 2479 1490 2518; x_wconf 85' lang='lat' dir='ltr'>praedictis</span> <span class='ocrx_word' id='word_1_513' title='bbox 1507 2477 1748 2510; x_wconf 84' lang='lat' dir='ltr'>executoribus</span> <span class='ocrx_word' id='word_1_514' title='bbox 1770 2478 1881 2510; x_wconf 85' lang='lat' dir='ltr'>solvat</span> <span class='ocrx_word' id='word_1_515' title='bbox 1896 2477 2072 2509; x_wconf 87' lang='lat' dir='ltr'>residuum</span> <span class='ocrx_word' id='word_1_516' title='bbox 2094 2478 2208 2510; x_wconf 83' lang='lat'>20.000</span> <span class='ocrx_word' id='word_1_517' title='bbox 2229 2476 2289 2508; x_wconf 92' lang='lat' dir='ltr'>lib.</span> <span class='ocrx_word' id='word_1_518' title='bbox 2309 2478 2390 2513; x_wconf 62' lang='lat' dir='ltr'>tur„</span> 
     </span>
     <span class='ocr_line' id='line_1_70' title="bbox 785 2530 2391 2572; baseline -0.001 -9"><span class='ocrx_word' id='word_1_519' title='bbox 785 2532 820 2563; x_wconf 95' lang='lat' dir='ltr'>in</span> <span class='ocrx_word' id='word_1_520' title='bbox 839 2532 1045 2563; x_wconf 89' lang='lat' dir='ltr'>solutionem</span> <span class='ocrx_word' id='word_1_521' title='bbox 1060 2532 1249 2572; x_wconf 88' lang='lat' dir='ltr'>legatorum</span> <span class='ocrx_word' id='word_1_522' title='bbox 1264 2532 1346 2564; x_wconf 89' lang='lat' dir='ltr'>dicti</span> <span class='ocrx_word' id='word_1_523' title='bbox 1362 2532 1430 2572; x_wconf 92' lang='lat' dir='ltr'>ep.i</span> <span class='ocrx_word' id='word_1_524' title='bbox 1444 2531 1760 2566; x_wconf 86' lang='lat' dir='ltr'>convertendarum,</span> <span class='ocrx_word' id='word_1_525' title='bbox 1776 2539 1854 2562; x_wconf 90' lang='lat' dir='ltr'>cum</span> <span class='ocrx_word' id='word_1_526' title='bbox 1870 2531 1985 2562; x_wconf 89' lang='lat' dir='ltr'>omnia</span> <span class='ocrx_word' id='word_1_527' title='bbox 2000 2530 2090 2562; x_wconf 90' lang='lat' dir='ltr'>bona</span> <span class='ocrx_word' id='word_1_528' title='bbox 2107 2530 2215 2571; x_wconf 89' lang='lat' dir='ltr'>ejusd.</span> <span class='ocrx_word' id='word_1_529' title='bbox 2233 2530 2302 2571; x_wconf 88' lang='lat' dir='ltr'>ep.i</span> <span class='ocrx_word' id='word_1_530' title='bbox 2321 2530 2391 2562; x_wconf 84' lang='lat' dir='ltr'>dic-</span> 
     </span>
     <span class='ocr_line' id='line_1_71' title="bbox 785 2583 2390 2625; baseline 0 -9"><span class='ocrx_word' id='word_1_531' title='bbox 785 2586 840 2616; x_wconf 88' lang='lat' dir='ltr'>tus</span> <span class='ocrx_word' id='word_1_532' title='bbox 858 2593 960 2625; x_wconf 65' lang='lat' dir='ltr'>mag„</span> <span class='ocrx_word' id='word_1_533' title='bbox 980 2585 1020 2616; x_wconf 90' lang='lat' dir='ltr'>de</span> <span class='ocrx_word' id='word_1_534' title='bbox 1036 2585 1149 2616; x_wconf 88' lang='lat' dir='ltr'>mand.</span> <span class='ocrx_word' id='word_1_535' title='bbox 1173 2585 1287 2625; x_wconf 87' lang='lat' dir='ltr'>Papae,</span> <span class='ocrx_word' id='word_1_536' title='bbox 1306 2585 1442 2617; x_wconf 88' lang='lat' dir='ltr'>nomine</span> <span class='ocrx_word' id='word_1_537' title='bbox 1465 2585 1503 2616; x_wconf 88' lang='lat' dir='ltr'>E.</span> <span class='ocrx_word' id='word_1_538' title='bbox 1529 2585 1570 2617; x_wconf 83' lang='lat' dir='ltr'>R.</span> <span class='ocrx_word' id='word_1_539' title='bbox 1597 2585 1639 2616; x_wconf 86' lang='lat' dir='ltr'>ad</span> <span class='ocrx_word' id='word_1_540' title='bbox 1662 2593 1784 2616; x_wconf 87' lang='lat' dir='ltr'>manus</span> <span class='ocrx_word' id='word_1_541' title='bbox 1808 2592 1889 2615; x_wconf 87' lang='lat' dir='ltr'>suas</span> <span class='ocrx_word' id='word_1_542' title='bbox 1909 2583 2087 2624; x_wconf 84' lang='lat' dir='ltr'>receperit.</span> <span class='ocrx_word' id='word_1_543' title='bbox 2108 2584 2161 2623; x_wconf 79' lang='lat' dir='ltr'>(A.</span> <span class='ocrx_word' id='word_1_544' title='bbox 2183 2585 2232 2622; x_wconf 90' lang='lat'>18,</span> <span class='ocrx_word' id='word_1_545' title='bbox 2254 2583 2278 2615; x_wconf 85' lang='lat' dir='ltr'>f.</span> <span class='ocrx_word' id='word_1_546' title='bbox 2301 2585 2340 2616; x_wconf 85' lang='grc'>53</span> <span class='ocrx_word' id='word_1_547' title='bbox 2356 2583 2390 2621; x_wconf 65' lang='lat'>”5</span> 
     </span>
     <span class='ocr_line' id='line_1_72' title="bbox 791 2638 1045 2678; baseline -0.004 -9"><span class='ocrx_word' id='word_1_548' title='bbox 791 2638 824 2669; x_wconf 90' lang='lat' dir='ltr'>V.</span> <span class='ocrx_word' id='word_1_549' title='bbox 843 2640 894 2675; x_wconf 74' lang='grc'><strong>74,</strong></span> <span class='ocrx_word' id='word_1_550' title='bbox 912 2647 965 2678; x_wconf 90' lang='lat' dir='ltr'>ep.</span> <span class='ocrx_word' id='word_1_551' title='bbox 981 2639 1045 2677; x_wconf 88' lang='grc'><strong>97.)</strong></span> 
     </span>
    </p>

    <p class='ocr_par' dir='ltr' id='par_1_32' title="bbox 785 2688 2392 2945">
     <span class='ocr_line' id='line_1_73' title="bbox 832 2688 2392 2731; baseline 0.001 -11"><span class='ocrx_word' id='word_1_552' title='bbox 832 2688 966 2721; x_wconf 88' lang='grc'><strong>16523.</strong></span> <span class='ocrx_word' id='word_1_553' title='bbox 987 2708 1023 2713; x_wconf 90' lang='grc'>-</span> <span class='ocrx_word' id='word_1_554' title='bbox 1041 2691 1117 2723; x_wconf 80' lang='lat' dir='ltr'>Eid.</span> <span class='ocrx_word' id='word_1_555' title='bbox 1135 2692 1247 2723; x_wconf 87' lang='lat' dir='ltr'>mand.</span> <span class='ocrx_word' id='word_1_556' title='bbox 1273 2693 1311 2723; x_wconf 92' lang='lat' dir='ltr'>ut</span> <span class='ocrx_word' id='word_1_557' title='bbox 1333 2691 1484 2731; x_wconf 84' lang='lat' dir='ltr'>praefatis</span> <span class='ocrx_word' id='word_1_558' title='bbox 1503 2690 1744 2723; x_wconf 86' lang='lat' dir='ltr'>executoribus</span> <span class='ocrx_word' id='word_1_559' title='bbox 1768 2690 1905 2722; x_wconf 87' lang='lat' dir='ltr'>restitui</span> <span class='ocrx_word' id='word_1_560' title='bbox 1929 2690 2031 2722; x_wconf 88' lang='lat' dir='ltr'>faciat</span> <span class='ocrx_word' id='word_1_561' title='bbox 2057 2690 2166 2722; x_wconf 86' lang='lat' dir='ltr'>libros</span> <span class='ocrx_word' id='word_1_562' title='bbox 2188 2690 2296 2731; x_wconf 88' lang='lat' dir='ltr'>ejusd.</span> <span class='ocrx_word' id='word_1_563' title='bbox 2322 2689 2392 2731; x_wconf 88' lang='lat' dir='ltr'>ep.i</span> 
     </span>
     <span class='ocr_line' id='line_1_74' title="bbox 785 2744 2390 2785; baseline -0.001 -9"><span class='ocrx_word' id='word_1_564' title='bbox 785 2754 871 2785; x_wconf 89' lang='lat' dir='ltr'>quos</span> <span class='ocrx_word' id='word_1_565' title='bbox 888 2744 990 2784; x_wconf 82' lang='lat' dir='ltr'>capit.</span> <span class='ocrx_word' id='word_1_566' title='bbox 1015 2744 1258 2776; x_wconf 87' lang='lat' dir='ltr'>Carcassonen.</span> <span class='ocrx_word' id='word_1_567' title='bbox 1285 2744 1352 2776; x_wconf 92' lang='lat' dir='ltr'>sibi</span> <span class='ocrx_word' id='word_1_568' title='bbox 1376 2745 1620 2785; x_wconf 82' lang='lat' dir='ltr'>appropriavit,</span> <span class='ocrx_word' id='word_1_569' title='bbox 1641 2744 1749 2776; x_wconf 87' lang='lat' dir='ltr'>biblia</span> <span class='ocrx_word' id='word_1_570' title='bbox 1767 2744 1933 2776; x_wconf 85' lang='lat' dir='ltr'>tamenin</span> <span class='ocrx_word' id='word_1_571' title='bbox 1949 2753 1973 2775; x_wconf 89' lang='lat' dir='ltr'>x</span> <span class='ocrx_word' id='word_1_572' title='bbox 1994 2744 2229 2776; x_wconf 87' lang='lat' dir='ltr'>voluminibus</span> <span class='ocrx_word' id='word_1_573' title='bbox 2249 2744 2390 2784; x_wconf 82' lang='lat' dir='ltr'>excepta</span> 
     </span>
     <span class='ocr_line' id='line_1_75' title="bbox 785 2797 2390 2838; baseline 0.001 -10"><span class='ocrx_word' id='word_1_574' title='bbox 785 2807 860 2838; x_wconf 85' lang='lat' dir='ltr'>quae</span> <span class='ocrx_word' id='word_1_575' title='bbox 876 2806 981 2838; x_wconf 89' lang='lat' dir='ltr'>penes</span> <span class='ocrx_word' id='word_1_576' title='bbox 995 2798 1090 2838; x_wconf 91' lang='lat' dir='ltr'>ipsos</span> <span class='ocrx_word' id='word_1_577' title='bbox 1106 2807 1305 2830; x_wconf 87' lang='lat' dir='ltr'>remansura</span> <span class='ocrx_word' id='word_1_578' title='bbox 1323 2799 1394 2835; x_wconf 85' lang='lat' dir='ltr'>est;</span> <span class='ocrx_word' id='word_1_579' title='bbox 1413 2798 1523 2838; x_wconf 89' lang='lat' dir='ltr'>pretia</span> <span class='ocrx_word' id='word_1_580' title='bbox 1539 2799 1652 2830; x_wconf 89' lang='lat' dir='ltr'>autem</span> <span class='ocrx_word' id='word_1_581' title='bbox 1669 2797 1870 2829; x_wconf 89' lang='lat' dir='ltr'>animalium</span> <span class='ocrx_word' id='word_1_582' title='bbox 1888 2798 1929 2829; x_wconf 88' lang='lat' dir='ltr'>de</span> <span class='ocrx_word' id='word_1_583' title='bbox 1945 2798 2059 2829; x_wconf 90' lang='lat' dir='ltr'>mand.</span> <span class='ocrx_word' id='word_1_584' title='bbox 2078 2797 2186 2838; x_wconf 74' lang='lat' dir='ltr'>eJusd.</span> <span class='ocrx_word' id='word_1_585' title='bbox 2204 2806 2293 2837; x_wconf 85' lang='lat' dir='ltr'>mag.</span> <span class='ocrx_word' id='word_1_586' title='bbox 2311 2805 2390 2829; x_wconf 87' lang='lat' dir='ltr'>ven·</span> 
     </span>
     <span class='ocr_line' id='line_1_76' title="bbox 785 2850 2390 2891; baseline 0.001 -9"><span class='ocrx_word' id='word_1_587' title='bbox 785 2851 946 2887; x_wconf 86' lang='lat' dir='ltr'>ditorum,</span> <span class='ocrx_word' id='word_1_588' title='bbox 961 2852 994 2882; x_wconf 85' lang='lat' dir='ltr'>et</span> <span class='ocrx_word' id='word_1_589' title='bbox 1008 2851 1169 2883; x_wconf 88' lang='lat' dir='ltr'>animalia</span> <span class='ocrx_word' id='word_1_590' title='bbox 1186 2860 1260 2891; x_wconf 80' lang='lat' dir='ltr'>quae</span> <span class='ocrx_word' id='word_1_591' title='bbox 1276 2851 1383 2883; x_wconf 89' lang='lat' dir='ltr'>adhuc</span> <span class='ocrx_word' id='word_1_592' title='bbox 1398 2853 1514 2884; x_wconf 86' lang='lat' dir='ltr'>extant</span> <span class='ocrx_word' id='word_1_593' title='bbox 1532 2860 1608 2883; x_wconf 91' lang='lat' dir='ltr'>cum</span> <span class='ocrx_word' id='word_1_594' title='bbox 1622 2851 1776 2883; x_wconf 88' lang='lat' dir='ltr'>vestibus</span> <span class='ocrx_word' id='word_1_595' title='bbox 1793 2851 1875 2882; x_wconf 89' lang='lat' dir='ltr'>dicti</span> <span class='ocrx_word' id='word_1_596' title='bbox 1890 2851 1959 2891; x_wconf 89' lang='lat' dir='ltr'>ep.i</span> <span class='ocrx_word' id='word_1_597' title='bbox 1975 2850 2217 2883; x_wconf 86' lang='lat' dir='ltr'>executoribus</span> <span class='ocrx_word' id='word_1_598' title='bbox 2231 2850 2390 2883; x_wconf 86' lang='lat' dir='ltr'>restituat</span> 
     </span>
     <span class='ocr_line' id='line_1_77' title="bbox 786 2903 2195 2945; baseline -0.001 -10"><span class='ocrx_word' id='word_1_599' title='bbox 786 2904 1003 2944; x_wconf 84' lang='lat' dir='ltr'>supradictis,</span> <span class='ocrx_word' id='word_1_600' title='bbox 1020 2913 1081 2944; x_wconf 89' lang='lat' dir='ltr'>per</span> <span class='ocrx_word' id='word_1_601' title='bbox 1093 2913 1152 2936; x_wconf 88' lang='lat' dir='ltr'>eos</span> <span class='ocrx_word' id='word_1_602' title='bbox 1168 2905 1203 2935; x_wconf 90' lang='lat' dir='ltr'>in</span> <span class='ocrx_word' id='word_1_603' title='bbox 1217 2905 1293 2945; x_wconf 89' lang='lat' dir='ltr'>pios</span> <span class='ocrx_word' id='word_1_604' title='bbox 1307 2913 1390 2936; x_wconf 91' lang='lat' dir='ltr'>usus</span> <span class='ocrx_word' id='word_1_605' title='bbox 1404 2905 1642 2936; x_wconf 87' lang='lat' dir='ltr'>convertenda.</span> <span class='ocrx_word' id='word_1_606' title='bbox 1659 2905 1711 2945; x_wconf 85' lang='lat' dir='ltr'>(A.</span> <span class='ocrx_word' id='word_1_607' title='bbox 1729 2905 1776 2942; x_wconf 88' lang='grc'>18,</span> <span class='ocrx_word' id='word_1_608' title='bbox 1792 2903 1814 2935; x_wconf 84' lang='lat' dir='ltr'>f.</span> <span class='ocrx_word' id='word_1_609' title='bbox 1830 2905 1871 2936; x_wconf 68' lang='lat'>5⁴</span> <span class='ocrx_word' id='word_1_610' title='bbox 1885 2909 1916 2942; x_wconf 80' lang='lat'>¹3</span> <span class='ocrx_word' id='word_1_611' title='bbox 1942 2903 1974 2935; x_wconf 91' lang='lat' dir='ltr'>V.</span> <span class='ocrx_word' id='word_1_612' title='bbox 1991 2906 2042 2942; x_wconf 77' lang='grc'>74,</span> <span class='ocrx_word' id='word_1_613' title='bbox 2059 2913 2111 2944; x_wconf 91' lang='lat' dir='ltr'>ep.</span> <span class='ocrx_word' id='word_1_614' title='bbox 2129 2905 2195 2943; x_wconf 88' lang='grc'><strong>98.)</strong></span> 
     </span>
    </p>

    <p class='ocr_par' dir='ltr' id='par_1_33' title="bbox 784 2955 2388 3052">
     <span class='ocr_line' id='line_1_78' title="bbox 829 2955 2388 2999; baseline 0.001 -13"><span class='ocrx_word' id='word_1_615' title='bbox 829 2957 840 2968; x_wconf 85' lang='lat'><em>·</em></span> <span class='ocrx_word' id='word_1_616' title='bbox 864 2955 997 2987; x_wconf 76' lang='grc'><strong>16524.</strong></span> <span class='ocrx_word' id='word_1_617' title='bbox 1022 2975 1060 2981; x_wconf 90' lang='grc'>-</span> <span class='ocrx_word' id='word_1_618' title='bbox 1083 2957 1158 2988; x_wconf 83' lang='lat' dir='ltr'>Eid.</span> <span class='ocrx_word' id='word_1_619' title='bbox 1186 2958 1346 2989; x_wconf 87' lang='lat' dir='ltr'>scribitur</span> <span class='ocrx_word' id='word_1_620' title='bbox 1364 2958 1532 2998; x_wconf 87' lang='lat' dir='ltr'>quomodo</span> <span class='ocrx_word' id='word_1_621' title='bbox 1550 2958 1711 2990; x_wconf 89' lang='lat' dir='ltr'>distribui</span> <span class='ocrx_word' id='word_1_622' title='bbox 1732 2959 1765 2989; x_wconf 86' lang='lat' dir='ltr'>et</span> <span class='ocrx_word' id='word_1_623' title='bbox 1782 2957 1908 2998; x_wconf 88' lang='lat' dir='ltr'>quibus</span> <span class='ocrx_word' id='word_1_624' title='bbox 1935 2958 2104 2999; x_wconf 84' lang='lat' dir='ltr'>assignari</span> <span class='ocrx_word' id='word_1_625' title='bbox 2130 2957 2274 2989; x_wconf 88' lang='lat' dir='ltr'>debeant</span> <span class='ocrx_word' id='word_1_626' title='bbox 2298 2957 2388 2989; x_wconf 89' lang='lat' dir='ltr'>bona</span> 
     </span>
     <span class='ocr_line' id='line_1_79' title="bbox 784 3010 1931 3052; baseline 0.001 -11"><span class='ocrx_word' id='word_1_627' title='bbox 784 3010 916 3050; x_wconf 82' lang='lat' dir='ltr'>praefati</span> <span class='ocrx_word' id='word_1_628' title='bbox 931 3011 1023 3043; x_wconf 89' lang='lat' dir='ltr'>Petri</span> <span class='ocrx_word' id='word_1_629' title='bbox 1039 3011 1107 3051; x_wconf 89' lang='lat' dir='ltr'>ep.i</span> <span class='ocrx_word' id='word_1_630' title='bbox 1122 3011 1366 3043; x_wconf 86' lang='lat' dir='ltr'>Carcassonen.</span> <span class='ocrx_word' id='word_1_631' title='bbox 1386 3011 1440 3051; x_wconf 83' lang='lat' dir='ltr'>(A.</span> <span class='ocrx_word' id='word_1_632' title='bbox 1460 3012 1509 3047; x_wconf 83' lang='lat'>18.</span> <span class='ocrx_word' id='word_1_633' title='bbox 1527 3011 1549 3043; x_wconf 85' lang='lat' dir='ltr'>f.</span> <span class='ocrx_word' id='word_1_634' title='bbox 1567 3013 1607 3043; x_wconf 73' lang='lat'>54</span> <span class='ocrx_word' id='word_1_635' title='bbox 1620 3016 1649 3049; x_wconf 69' lang='grc' dir='ltr'>ι;</span> <span class='ocrx_word' id='word_1_636' title='bbox 1672 3011 1705 3042; x_wconf 93' lang='lat' dir='ltr'>V.</span> <span class='ocrx_word' id='word_1_637' title='bbox 1722 3014 1773 3049; x_wconf 76' lang='grc'><strong>74,</strong></span> <span class='ocrx_word' id='word_1_638' title='bbox 1789 3019 1842 3051; x_wconf 90' lang='lat' dir='ltr'>ep.</span> <span class='ocrx_word' id='word_1_639' title='bbox 1863 3011 1931 3052; x_wconf 84' lang='grc'><strong>99.)</strong></span> 
     </span>
    </p>
   </div>
  </div>
 </body>
</html>
