2592 3528
336 315 397 345 344

370 404 476 431 Datum
500 397 683 432 Avenione.

409 504 448 533 27
462 506 531 533 maii
548 505 637 535 1323.

421 555 463 585 (vi
478 551 538 578 kal.
551 550 629 586 jun.)

483 666 520 694 Ut
537 674 561 693 s.

485 773 522 801 Ut
538 781 562 800 s.

483 932 519 960 Ut
539 939 562 958 s.

482 1093 517 1120 Ut
538 1100 561 1120 s.

482 1251 518 1280 Ut
534 1260 558 1279 s.

479 1413 516 1441 Ut
536 1421 560 1440 8.

401 1573 440 1602 3⁰
454 1573 537 1608 junii
555 1572 643 1600 1323.

425 1619 466 1658 (¹¹.
479 1617 538 1645 kal.
554 1617 620 1653 jul.)

371 1682 384 1708 1
403 1679 488 1716 (kal.)
503 1678 560 1713 jul.
582 1677 671 1705 4323.

481 1786 519 1814 Ut
534 1794 558 1813 s.

479 1892 516 1919 Ut
531 1899 555 1919 s,

351 2001 369 2028 9
386 2000 443 2036 (vn
458 1999 510 2031 id.)
524 1998 583 2033 jul.
602 1997 690 2026 1323.

410 2212 448 2240 27
463 2211 519 2247 jul.
541 2211 629 2239 1323.

412 2261 455 2294 (vl
473 2256 531 2285 kal.
549 2256 629 2292 aug.)

363 2376 376 2401 1
397 2373 484 2409 (kal.)
500 2381 566 2407 augy.
589 2371 676 2400 1323.

482 2691 518 2720 Ut
534 2699 558 2719 s.

746 312 920 344 JOANNIS
944 313 1062 345 PAPAE
1084 314 1187 346 XXII.
1211 316 1460 355 (1316-1834).
1482 334 1522 340 —
1545 316 1731 347 LITTERAE
1755 316 1806 347 DE
1828 315 1952 348 CURIA

814 503 947 536 18122.
978 525 1014 530 -
1040 507 1237 539 Instituitur
1253 508 1295 540 ad
1309 510 1507 548 perpetuam
1526 509 1576 541 rei
1594 510 1794 541 memoriam
1810 518 1900 541 unus
1921 509 2080 542 sacerdos
2093 509 2136 541 ad
2150 508 2266 541 divina
2281 509 2368 541 cele-

766 558 895 591 branda
913 560 947 591 in
972 561 1103 601 capella
1131 562 1283 593 omnium
1304 562 1593 603 Archangelorum
1613 565 1646 594 et
1663 563 1871 603 Angelorum
1897 563 1931 594 in
1955 563 2037 595 eccl.
2063 563 2295 595 Avenionensi
2310 570 2371 603 per

766 613 894 653 Papam
910 613 1060 647 fundata.
1083 615 1135 654 (A.
1154 618 1202 653 19,
1222 616 1245 648 f.
1265 617 1325 648 509
1339 621 1371 653 ⁸,
1394 615 1424 648 V.
1443 618 1493 654 74,
1511 625 1564 656 ep.
1580 618 1632 654 38,
1647 616 1684 647 de
1699 618 1807 653 curia,
1825 616 1956 655 Gomon,
1975 625 2007 649 n.
2027 617 2133 656 1718).

814 664 950 697 18123.
969 686 1004 691 -
1016 669 1100 700 Item
1115 678 1176 709 pro
1192 669 1323 709 capella
1341 678 1369 701 S.
1387 669 1532 701 Andreae
1548 670 1694 710 apostoli
1706 671 1740 702 in
1757 670 1901 702 ecclesia
1915 679 1944 702 s.
1958 670 2109 712 Agricoli
2120 669 2371 702 Avenionensis

767 720 802 751 in
821 721 1001 761 collegiata
1013 731 1120 762 nuper
1133 725 1254 754 erecta.
1274 723 1326 763 (A.
1343 725 1393 760 19,
1414 723 1436 754 f.
1454 723 1515 755 509
1530 723 1558 759 ὓς
1581 722 1613 755 V.
1632 725 1682 760 74,
1700 732 1753 763 ep.
1769 725 1820 762 39,
1839 723 1876 754 de
1892 724 1995 761 cur-itu
2014 723 2146 761 Coulmn,
2163 732 2196 754 n.
2213 723 2319 763 1719.)

814 771 949 804 18124.
967 793 1005 797 -
1021 776 1108 807 Item
1124 785 1185 815 pro
1199 776 1311 807 tribus
1326 776 1538 816 presbyteris
1552 776 1773 808 instituendis
1789 776 1831 807 ad
1843 776 1959 808 divina
1974 776 2175 808 celebranda
2189 777 2224 808 in
2241 777 2372 816 capella

768 828 929 860 Omnium
956 829 1159 861 Sanctorum
1182 829 1349 860 Avenion.
1371 830 1425 870 (A.
1454 831 1503 868 19,
1532 829 1554 860 f.
1582 830 1642 862 510
1670 835 1698 867 ⁸3
1732 829 1765 860 V.
1789 831 1839 868 74,
1863 839 1915 870 ep.
1936 831 1977 862 40
1997 831 2036 868 Β,
2060 830 2098 861 de
2125 830 2232 868 curia;
2262 829 2295 861 V.
2319 831 2371 867 82,

767 890 819 921 ep.
838 883 858 913 6
874 882 912 919 B,
930 881 967 911 de
983 882 1085 920 curia3
1102 882 1234 922 Coulon,
1254 892 1286 914 n.
1303 882 1409 922 1598.)

814 932 948 963 18125.
974 953 1010 957 -
1031 935 1251 967 Confirmatio
1266 936 1522 967 constitutionis
1538 937 1676 976 capellae
1692 936 1726 968 in
1742 936 1823 969 eccl.
1842 937 2068 969 Avinionensi
2083 937 2211 969 dudum
2235 937 2330 968 faclae
2352 945 2372 969 a

766 988 862 1020 bonae
879 989 1051 1020 memoriae
1067 989 1205 1026 Jacobo,
1222 989 1274 1020 tit.
1294 998 1340 1022 ss.
1366 990 1510 1021 Joannis
1532 992 1565 1022 et
1586 990 1686 1022 Pauli
1703 990 1816 1031 presb.
1835 990 1926 1022 card.
1943 991 1997 1031 (A.
2019 992 2068 1026 19,
2086 990 2110 1022 f.
2133 992 2189 1022 511
2213 990 2243 1027 ¹³3
2267 990 2301 1022 V.
2319 991 2370 1030 74,

767 1051 820 1082 ep.
838 1043 889 1078 41,
906 1041 942 1072 de
955 1043 1068 1081 curia.)

814 1093 949 1124 18126.
970 1113 1008 1118 -
1025 1096 1254 1136 Assignantur
1271 1097 1425 1128 redditus
1439 1096 1572 1129 duobus
1589 1097 1801 1138 presbyteris
1814 1097 1952 1137 capellae
1968 1098 2006 1129 B.
2023 1098 2068 1129 M.
2080 1098 2119 1129 V.
2137 1097 2250 1129 Castri
2262 1098 2372 1130 Nova-

766 1158 855 1186 rum,
875 1149 1086 1182 Avenionen.
1106 1149 1166 1187 di„
1184 1150 1464 1182 inservientibus.
1489 1151 1542 1191 (A.
1565 1152 1613 1188 19,
1635 1151 1659 1182 f.
1675 1152 1735 1183 513
1751 1156 1779 1189 ³3
1805 1151 1842 1182 V.
1861 1153 1910 1189 74,
1927 1159 1979 1192 ep.
1995 1151 2048 1188 43,
2067 1151 2104 1182 de
2119 1151 2222 1188 curia,
2240 1150 2371 1188 Coulon,

767 1212 800 1233 n.
820 1204 922 1242 1723.)

812 1253 949 1286 18127.
970 1273 1009 1278 -
1026 1257 1111 1288 Item
1130 1257 1305 1289 stabilitur
1324 1267 1385 1298 pro
1404 1258 1617 1299 presbyteris
1639 1258 1750 1290 tribus
1767 1258 1802 1289 in
1819 1258 1951 1298 capella
1966 1259 2006 1291 Β.
2025 1258 2070 1290 Μ.
2092 1258 2370 1299 carpentoraten.

767 1310 1001 1341 instituendis.
1021 1311 1075 1350 (A.
1099 1313 1148 1349 19,
1169 1311 1192 1343 f.
1208 1313 1267 1343 513
1286 1311 1315 1349 δ,
1338 1312 1373 1343 V.
1391 1313 1441 1347 74,
1461 1321 1514 1352 ep.
1531 1313 1581 1350 44,
1601 1312 1639 1342 dc
1657 1313 1762 1350 cuv-itu
1787 1312 1822 1343 V.
1845 1313 1898 1350 82,
1913 1321 1965 1353 ep.
1983 1314 2014 1350 4,
2033 1312 2066 1343 ff.
2084 1314 2098 1342 1
2115 1312 2148 1344 et
2163 1313 2196 1350 2,
2213 1311 2250 1342 de
2265 1312 2370 1349 curiam

771 1363 902 1401 Coulon,
920 1373 952 1394 n.
972 1364 1078 1405 1724.)

813 1415 949 1448 18128.
967 1436 1005 1440 -
1023 1418 1062 1449 In
1084 1418 1165 1450 eccl.
1183 1419 1317 1458 paroch.
1338 1428 1365 1451 s.
1382 1419 1521 1456 Hilarii,
1535 1428 1563 1450 s.
1579 1419 1708 1452 Verani
1725 1421 1757 1451 et
1777 1428 1805 1451 s.
1824 1419 1975 1459 Sulpitii,
1994 1419 2155 1451 Avinion.
2169 1419 2230 1457 di„
2247 1418 2371 1451 consti-

765 1472 873 1503 tuitur
890 1480 979 1502 unus
995 1480 1088 1511 perp.
1108 1472 1257 1503 vicarius
1279 1472 1320 1503 al)
1335 1482 1411 1513 ep.o
1431 1473 1642 1505 Avenionen.
1662 1473 1895 1504 instituendus
1912 1473 1967 1504 cui
1983 1473 2179 1514 assignatur
2197 1473 2259 1504 dos
2277 1471 2372 1504 suffl-

766 1526 870 1557 cienS.
888 1526 940 1564 (A.
960 1527 1008 1563 19,
1027 1526 1049 1556 f.
1068 1527 1128 1557 515
1145 1531 1176 1564 ⁸3
1200 1526 1235 1557 V.
1251 1528 1301 1564 74,
1319 1535 1372 1566 ep.
1389 1528 1440 1565 49,
1458 1526 1495 1557 de
1507 1527 1613 1564 curia3
1631 1523 1763 1563 Coulo‘n,
1781 1535 1816 1558 n.
1835 1527 1941 1566 1725.)

814 1576 951 1609 18129.
979 1596 1017 1608 .-
1040 1580 1241 1611 Reservatio
1265 1579 1507 1612 beneficiorum
1533 1581 1656 1620 quond.
1676 1580 1810 1611 Joanm's
1831 1579 1868 1610 de
1891 1579 2098 1620 Enqoichello
2115 1581 2136 1617 ¹,
2158 1589 2228 1610 can.
2249 1579 2370 1620 Aquen.

765 1634 818 1672 (A.
835 1635 884 1670 19,
903 1633 926 1663 f.
944 1634 1005 1664 515
1022 1638 1052 1669 ⁸,
1075 1633 1111 1665 V.
1131 1635 1182 1670 74,
1199 1642 1250 1673 ep.
1269 1636 1320 1672 50,
1337 1633 1374 1664 de
1389 1635 1501 1672 curia.)

811 1683 948 1716 18130.
969 1705 1006 1710 -—
1029 1686 1213 1718 Guillelmus
1232 1686 1393 1718 Chabaudi
1408 1688 1600 1719 instituitur
1615 1687 1650 1718 in
1669 1696 1763 1728 perp.
1781 1696 1854 1727 cap.
1871 1687 2010 1727 capellae
2025 1688 2063 1719 B.
2083 1687 2128 1718 Μ.
2149 1686 2370 1726 Carpentora-

764 1742 847 1778 ten.,
865 1740 900 1770 in
919 1740 991 1771 loco
1009 1740 1068 1770 ubi
1085 1749 1254 1781 synagoga
1268 1741 1458 1780 judaeorum
1474 1741 1570 1780 prius
1587 1741 1701 1772 extitit
1717 1741 1867 1772 fundata.
1885 1740 1940 1780 (V.
1960 1741 2011 1777 82,
2028 1749 2081 1780 ep.
2101 1742 2120 1772 5
2139 1741 2180 1778 A,
2201 1739 2239 1770 de
2255 1740 2371 1779 curta.)

812 1790 949 1823 18131.
976 1811 1015 1816 -
1045 1793 1228 1824 Guillelmus
1255 1793 1377 1824 Alberti
1402 1795 1594 1825 instituitur
1612 1794 1647 1825 in
1673 1803 1767 1834 perp.
1787 1803 1859 1834 cap.
1877 1794 2046 1834 praedictae
2069 1793 2220 1834 capellae.
2240 1793 2292 1831 (V.
2317 1794 2371 1831 82,

764 1855 816 1886 ΒΡ.
834 1848 902 1883 5Β,
922 1846 959 1877 de
975 1847 1090 1885 curia.)

813 1898 949 1930 18132.
977 1918 1015 1923 -
1046 1901 1230 1931 Franciscus
1242 1900 1382 1932 Cabram·
1399 1901 1593 1933 instituitur
1608 1901 1644 1932 in
1661 1910 1756 1941 perp.
1771 1909 1843 1940 cap.
1865 1900 2003 1941 capellae
2019 1900 2232 1941 supradictae.
2248 1899 2301 1940 (V.
2318 1901 2371 1939 82,

763 1962 816 1993 ΕΡ.
833 1955 851 1985 5
870 1954 907 1991 C,
925 1954 962 1984 de
976 1954 1088 1993 curia.)

811 2005 946 2036 18133.
966 2026 1002 2031 -
1021 2008 1189 2039 Redditus
1205 2008 1423 2048 assignantur
1439 2008 1572 2040 duobus
1587 2007 1700 2048 presb.
1720 2007 1837 2039 divina
1852 2007 1907 2038 off.
1925 1998 2181 2039 celebrantibus
2192 2007 2228 2038 in
2241 2007 2373 2047 capella

763 2062 803 2093 B.
827 2062 872 2092 M.
894 2062 948 2098 V.‚
969 2070 1070 2101 quam
1094 2061 1129 2092 in
1147 2061 1267 2093 Castro
1291 2062 1477 2099 Novarum,
1505 2062 1714 2094 Avenionen.
1743 2061 1802 2099 di.,
1830 2061 1923 2101 Papa
1945 2061 2097 2092 construi
2122 2061 2309 2099 mandavit,
2337 2062 2371 2093 et

763 2114 957 2146 oblationes
970 2114 1114 2155 juraque
1126 2115 1253 2146 vicario
1267 2124 1361 2155 perp.
1376 2116 1457 2147 eccl.
1476 2115 1584 2155 ejusd.
1603 2115 1668 2147 loci
1684 2115 1797 2146 debita
1813 2114 2080 2146 constituuntur.
2093 2114 2148 2155 (A.
2167 2116 2216 2154 19,
2227 2114 2250 2146 f.
2266 2115 2324 2146 511
2339 2114 2370 2150 ¹⁹2

771 2168 808 2200 V.
826 2170 877 2207 74,
895 2177 948 2208 ep.
965 2169 1016 2204 42,
1035 2168 1072 2199 de
1089 2169 1192 2206 curias
1212 2168 1343 2206 Coqun,
1363 2177 1395 2200 n.
1413 2170 1504 2207 1722,
1519 2168 1573 2199 sub
1584 2169 1666 2209 falso
1683 2169 1757 2199 dato
1775 2173 1802 2199 et
1815 2168 1872 2198 sub
1891 2167 2050 2199 emendato
2068 2177 2100 2199 n.
2119 2168 2224 2209 1756.)

811 2219 946 2252 18134.
966 2241 1004 2245 -
1029 2222 1207 2252 Bertrando
1225 2233 1249 2254 s.
1273 2222 1416 2254 Marcelli
1430 2223 1532 2263 presb.
1551 2222 1638 2253 card.
1653 2223 1692 2254 A.
1710 2222 1744 2253 S.
1765 2222 1866 2263 leqato
1885 2221 2028 2254 facultas
2046 2222 2242 2253 conferendi
2257 2229 2370 2262 perso-

763 2276 818 2306 nis
841 2276 974 2307 idoneis
998 2275 1163 2307 beneficia
1180 2276 1434 2316 capellanorum
1456 2278 1488 2308 et
1508 2276 1588 2308 cler.
1611 2285 1752 2308 suorum
1769 2276 1962 2307 cedentium
1976 2275 2030 2307 vel
2045 2275 2293 2313 decedentium,
2308 2283 2372 2306 sua

763 2330 934 2370 legatione
951 2330 1104 2361 durante.
1126 2329 1175 2369 (A.
1195 2331 1245 2367 19,
1265 2330 1287 2361 s.
1305 2332 1366 2362 498
1384 2330 1412 2367 ¹³3
1435 2330 1471 2362 V.
1488 2333 1538 2368 74,
1554 2339 1607 2370 ep.
1623 2332 1675 2368 53,
1691 2330 1728 2360 de
1743 2330 1855 2369 συνίει.)

812 2380 948 2412 18135.
974 2401 1014 2405 -
1044 2383 1218 2418 Guillelmo,
1240 2383 1400 2425 archiep.o
1424 2383 1584 2419 Viemen..
1608 2384 1722 2415 mand.
1742 2385 1779 2415 ut
1790 2383 1961 2423 justitiam
1974 2382 2133 2414 exhibeat
2147 2390 2222 2422 ep.o
2239 2380 2367 2414 Geben-

762 2438 862 2469 nensi
878 2437 918 2468 de
937 2437 1072 2468 damnis
1087 2437 1194 2469 illatis
1209 2437 1276 2477 ipsi
1292 2439 1324 2469 et
1341 2437 1494 2469 ecclesiae
1510 2437 1726 2469 Gebennensi
1742 2445 1802 2477 per
1811 2436 2008 2468 Eduardum
2025 2437 2058 2468 et
2069 2436 2262 2473 Aimonem,
2279 2435 2371 2466 filios

763 2490 907 2522 Amedei
925 2490 1061 2522 comitis
1078 2490 1268 2528 Sabaudiae,
1286 2492 1318 2522 et
1334 2491 1498 2523 valitores
1511 2499 1641 2528 eorum,
1652 2492 1805 2531 tempore
1819 2499 1886 2531 quo
1901 2490 2008 2522 turris
2019 2489 2214 2522 Gebennen.
2229 2488 2371 2520 obsessa

763 2544 841 2582 fuit,
860 2544 959 2584 eique
977 2552 1068 2575 conc.
1092 2544 1238 2575 facultas
1259 2544 1402 2576 tollendi
1423 2545 1476 2576 vel
1500 2544 1718 2585 prorogandi,
1739 2545 1840 2584 prout
1861 2543 2060 2584 expedierit,
2081 2542 2300 2574 interdictum
2315 2541 2371 2573 cui

764 2597 886 2629 civitas
912 2597 1107 2628 Gebennen.
1134 2599 1167 2628 et
1195 2597 1263 2628 alia
1294 2598 1450 2638 quaedam
1474 2598 1549 2630 loca
1575 2597 1769 2630 Gebennen.
1795 2597 1841 2628 di.
1870 2596 2049 2637 supposita
2066 2596 2214 2628 fuerunt.
2242 2595 2294 2634 (A.
2320 2596 2369 2632 19,
2437 2643 2440 2646 ι
2491 2592 2506 2634 J

763 2651 787 2682 f.
807 2651 867 2682 498
883 2655 911 2685 ¹;
937 2650 972 2682 V.
992 2651 1042 2688 74,
1058 2659 1110 2690 ep.
1126 2652 1177 2688 51,
1197 2651 1234 2681 de
1253 2651 1365 2691 curia.)

811 2701 948 2734 18136.
968 2721 1007 2726 -
1027 2703 1140 2734 Eidem
1158 2704 1383 2736 committitur
1397 2704 1563 2736 relaxatio
1577 2703 1773 2744 huJusmodi
1793 2703 1964 2735 interdicti
1983 2711 2092 2742 usque
2108 2702 2150 2734 ad
2168 2701 2292 2734 festum
2310 2700 2371 2733 Na·

763 2757 912 2789 tivitatis
927 2757 1078 2788 Domini.
1100 2757 1151 2796 (V.
1171 2760 1221 2793 74,
1238 2766 1290 2797 ep.
1307 2759 1359 2794 52,
1375 2757 1412 2788 de
1427 2758 1530 2794 curia,
1549 2757 1679 2794 Coulon,
1698 2766 1729 2788 n.
1749 2758 1856 2797 1765.)

798 2882 819 2906 1.
835 2881 870 2906 In
887 2881 982 2907 indice
994 2881 1028 2907 R.
1043 2881 1077 2907 V.
1091 2881 1200 2912 legitur
1212 2881 1372 2914 Enqolisma.
