2592 3528
361 389 419 420 158

386 476 488 503 Datum
510 468 694 503 Avenione.

434 576 470 603 18
485 578 536 602 oct.
558 573 643 602 1321.

433 624 482 654 (xv
497 618 554 646 kul.
567 619 645 653 nov.)

499 786 532 814 Ut
550 794 572 813 s.

503 998 535 1024 L't
555 1005 577 1024 8.

498 1420 532 1447 Ut
553 1428 576 1448 S.

424 1632 462 1659 21
482 1635 534 1659 oct.
556 1632 643 1660 1321.

425 1679 476 1712 (x11
490 1676 548 1704 kal.
563 1675 641 1710 nov.)

498 1950 531 1978 Ut
552 1959 575 1978 s.

489 2163 522 2189 Ut
545 2170 568 2189 s.

383 2466 389 2469 .
424 2426 464 2454 23
480 2430 532 2454 oct.
553 2427 638 2455 1321.

380 2469 382 2474 ’
434 2474 464 2505 (x
478 2471 535 2498 kal.
553 2471 630 2504 nov.)

425 2689 466 2717 25
482 2693 534 2717 oct.
556 2690 642 2719 1321.

415 2734 483 2769 (vui
496 2733 554 2762 kal.
568 2736 646 2770 nov.)

770 378 942 411 JOANNJS
967 377 1084 409 I‘APAE
1106 376 1207 407 XXll.
1232 374 1479 412 (mie-1334).
1502 387 1539 393 —
1564 369 1749 400 LITTERAE
1773 368 1824 399 DE
1846 368 1971 400 CURIA

829 565 963 597 16005.
982 584 1019 589 -
1037 566 1148 596 Pontio
1172 564 1311 604 Auqem'i,
1342 570 1442 601 praep.
1462 560 1542 592 eccl.
1568 560 1704 599 Apten.‚
1725 557 1919 598 Campaniae
1941 557 2189 599 Maritimaeque
2212 558 2375 598 thesaur„

784 622 895 653 mand.
913 622 948 651 ut
967 628 1052 659 mag.
1067 618 1251 650 Guillelmo
1266 617 1306 647 de
1323 615 1472 651 Balaew,
1489 612 1640 644 earumd.
1661 611 1915 651 provinciarum
1935 611 2071 646 rectori.
2085 611 2193 653 solvat
2209 620 2378 653 expensas

784 683 844 714 pro
870 683 933 704 xxv
956 672 1127 712 equitibus
1155 670 1306 706 armatiS,
1327 667 1394 699 sibi
1420 675 1480 706 per
1508 666 1587 697 P.P.
1616 665 1798 701 concessis,
1824 664 1867 695 ad
1895 664 2116 696 executiones
2138 665 2377 698 mandatorum

783 736 919 758 suorum
940 727 973 756 in
991 725 1135 756 decretis
1152 723 1217 754 sibi
1235 721 1418 762 provinciis
1437 719 1618 750 faciendas.
1635 718 1690 758 (A.
1711 720 1760 753 17,
1779 717 1801 748 t‘.
1818 718 1879 749 402
1894 723 1926 755 ⁸3
1950 716 1983 748 V.
2003 719 2053 755 73,
2071 726 2125 759 ep.
2143 719 2192 754 18,
2207 717 2244 749 de
2255 718 2337 759 cur.)

829 777 963 809 16006.
983 796 1020 801 -
1036 778 1119 817 May.
1138 775 1299 807 Guiltelmo
1316 774 1352 805 de
1367 772 1507 809 Balacro,
1532 771 1724 811 Campanioe
1738 770 1986 811 Maritimaeque
2001 771 2136 809 rectori,
2152 771 2266 804 mand.
2282 773 2320 804 ut
2333 771 2378 804 ci-

782 835 828 864 tet
843 833 1034 863 detentores
1052 832 1251 864 castrorum,
1267 827 1425 858 villarum
1442 827 1475 857 et
1493 825 1659 856 bonorum
1679 825 1713 855 in
1729 824 1816 864 ipsis
1831 824 2019 864 provinciis
2035 824 2078 856 ad
2092 825 2132 856 Ε.
2150 824 2192 857 R.
2207 826 2327 865 spect„
2340 826 2378 857 ut

782 895 821 917 ea
837 886 1025 919 restituant,
1044 883 1194 922 alioquin
1206 879 1515 912 excommunicatos
1526 878 1660 918 publice
1679 877 1822 909 nuntiet.
1840 877 1893 918 (A.
1907 879 1955 914 17,
1970 877 1994 909 t'.
2006 878 2090 910 402ι
2101 879 2134 910 et
2147 879 2208 910 ⁴03
2223 883 2251 915 ⁸3
2272 878 2308 910 V.
2324 880 2374 917 73,

782 947 832 978 ep.
852 940 899 974 19,
918 939 954 968 de
971 937 1049 974 cur.)

827 989 960 1021 16007.
981 1007 1018 1012 --
1034 988 1074 1020 Ν.
1092 999 1119 1018 υ.
1151 987 1301 1027 Boffrz'do,
1330 985 1523 1022 fundorum,
1551 990 1578 1015 et
1605 984 1778 1022 Benedicto,
1810 984 1970 1016 Patentin.
1997 984 2166 1022 comitibus,
2198 985 2312 1017 mand.
2339 986 2377 1017 ut

781 1044 962 1076 Guillelmo
988 1043 1027 1073 de
1059 1042 1206 1078 Balaeto,
1239 1039 1388 1070 civitatis
1420 1039 1665 1069 Beneventanae
1695 1037 1830 1075 rectori,
1859 1037 2055 1076 restituant,
2092 1038 2131 1070 Ε.
2148 1038 2190 1070 R.
2226 1038 2375 1076 nomine,

779 1099 922 1128 monast.
936 1096 976 1126 de
994 1095 1142 1131 Orsaria,
1165 1091 1504 1125 Pontemalbanetum
1523 1092 1556 1123 et
1580 1090 1838 1128 Castellucium,
1854 1091 1991 1132 Trojan.
2010 1091 2071 1128 di..
2090 1091 2173 1124 eccl.
2188 1100 2217 1124 S.
2242 1091 2376 1124 Nicolai

778 1150 927 1189 Trojan„
941 1148 1052 1179 casale
1069 1146 1278 1187 Famugnani
1294 1154 1398 1186 prope
1414 1145 1611 1179 Tarentum,
1629 1146 1662 1176 et
1679 1144 1832 1184 quaedam
1859 1143 1927 1175 alia
1948 1144 2023 1176 loca
2042 1153 2080 1176 ac
2102 1143 2191 1176 bona
2212 1145 2246 1176 in
2271 1153 2376 1186 regno

776 1203 900 1235 Siciliae
916 1201 1135 1233 consistentia
1150 1200 1344 1239 dudumque
1370 1199 1413 1229 ad
1437 1198 1508 1229 ord.
1528 1197 1739 1229 Calatraven.
1759 1198 1877 1237 spect„
1904 1206 1979 1238 quae
2004 1197 2058 1229 bo.
2083 1206 2148 1230 me.
2172 1198 2376 1230 Franciscus

777 1257 809 1288 S.
829 1257 873 1287 M.
892 1256 927 1286 in
942 1254 1123 1286 Cosmedin
1140 1254 1225 1284 diac.
1243 1253 1333 1284 card.
1353 1261 1395 1283 ex
1411 1251 1630 1283 concessione
1653 1253 1760 1291 apost.
1784 1250 1959 1282 obtinebat
1976 1252 2010 1283 et
2025 1259 2115 1283 nunc
2141 1250 2184 1283 ab
2205 1251 2292 1292 ipsis
2317 1251 2376 1284 de-

775 1310 941 1346 tinentur3
957 1308 1024 1339 nisi
1042 1316 1178 1338 causam
1197 1305 1434 1337 rationabilem
1451 1305 1597 1336 habeant
1613 1306 1752 1345 propter
1766 1313 1868 1344 quam
1885 1304 2080 1345 hujusmodi
2097 1304 2186 1337 bona
2207 1305 2300 1338 licite
2320 1313 2375 1338 re-

776 1363 883 1394 tinere
907 1361 1050 1392 valeant.
1068 1361 1120 1400 (A.
1140 1362 1187 1396 17,
1204 1360 1227 1390 f.
1241 1361 1300 1391 403
1316 1364 1344 1395 ¹¹;
1367 1359 1402 1390 V.
1427 1361 1476 1396 73,
1495 1367 1548 1398 ep.
1566 1359 1616 1396 20,
1635 1357 1672 1389 de
1687 1357 1768 1397 cur.)

824 1412 956 1444 16098.
973 1432 1011 1437 -
1025 1413 1202 1454 Campaniae
1224 1412 1446 1453 Maritima-eque
1469 1412 1581 1442 rectori
1604 1411 1718 1443 mand.
1741 1413 1777 1443 ut
1799 1411 1842 1443 ab
1865 1411 1951 1443 eisd.
1976 1411 2159 1443 comitibus
2180 1411 2270 1444 bona
2290 1420 2375 1453 prae·

776 1469 864 1500 dicta
880 1469 970 1508 petat
991 1469 1024 1498 et
1045 1467 1195 1506 recipiat,
1210 1466 1264 1497 vel
1284 1474 1433 1502 causam,
1449 1465 1479 1496 si
1495 1474 1597 1506 quam
1611 1465 1759 1505 allegare
1785 1465 1902 1503 velint,
1920 1465 2047 1503 audiat,
2075 1465 2227 1505 alioquin
2247 1465 2290 1497 ad
2305 1473 2374 1497 res·

775 1523 968 1554 titutionem
993 1530 1053 1561 per
1077 1519 1275 1560 spirituales
1298 1521 1331 1550 et
1355 1519 1560 1558 temporales
1581 1527 1687 1559 penas
1711 1518 1903 1559 compellat.
1932 1519 1984 1556 (A.
2009 1520 2058 1554 17,
2082 1518 2106 1550 f.
2132 1519 2192 1551 403
2209 1518 2239 1557 Ι’;
2263 1518 2297 1550 V.
2321 1520 2373 1557 73,
2439 1564 2442 1566 ¹

777 1585 828 1615 ep.
847 1577 896 1612 21,
914 1574 950 1605 de
968 1574 1048 1613 cur.)

823 1625 957 1658 16099.
967 1645 1005 1650 -
1017 1627 1103 1668 E'p.o
1114 1627 1314 1657 Assisinaten.
1328 1632 1355 1656 et
1369 1626 1602 1666 inquisitoribus
1613 1625 1758 1656 haereticae
1771 1626 1940 1666 pravitatis
1951 1626 1985 1656 in
1996 1626 2159 1667 provincia
2172 1625 2200 1658 b.
2214 1625 2376 1656 Francisoi

776 1683 889 1714 mand.
905 1684 941 1712 ut
956 1682 1136 1721 procedant
1162 1683 1278 1711 contra
1306 1680 1452 1711 Mutium
1468 1680 1594 1719 quond.
1617 1680 1794 1711 Francisci
1821 1679 1908 1716 mil.,
1927 1679 2013 1711 civis
2044 1679 2286 1717 Assisinaten.,
2314 1679 2375 1720 qui

776 1735 914 1767 adscitis
930 1734 995 1765 sibi
1018 1733 1240 1773 complicibus
1262 1733 1460 1765 thesaurum
1480 1734 1519 1764 Ε.
1536 1734 1578 1765 R.
1597 1732 1657 1764 ubi
1676 1733 1808 1764 decima
1834 1742 1895 1773 pro
1913 1732 2068 1764 subsidio
2085 1735 2184 1766 terrae
2201 1734 2327 1766 sanctae
2341 1734 2375 1766 et

776 1789 855 1820 aliis
872 1790 906 1820 S.
926 1790 965 1820 A.
990 1787 1250 1819 necessitatibus
1273 1787 1485 1822 servabatur,
1513 1786 1549 1817 in
1566 1786 1639 1818 loco
1657 1787 1696 1818 Ο.
1714 1787 1752 1818 F.
1779 1787 1825 1818 M.
1846 1786 2088 1825 Assisinaten.‚
2116 1787 2318 1827 asportavit,
2341 1788 2376 1820 et

775 1843 853 1873 licet
871 1842 1020 1873 monitus
1035 1843 1067 1872 et
1084 1842 1185 1872 etiam
1202 1840 1517 1871 excommunicatus
1537 1840 1637 1871 illum
1655 1840 1836 1872 restituere
1853 1848 1920 1871 non
1937 1840 2082 1872 curavit.
2098 1840 2152 1880 (A.
2167 1842 2216 1879 17,
2231 1840 2255 1873 f.
2270 1842 2373 1877 ⁴295

783 1895 815 1925 V.
833 1897 881 1929 73.
904 1904 955 1934 ep.
983 1897 1034 1932 ⁴4,
1051 1894 1088 1925 de
1104 1904 1168 1924 cur.
1178 1904 1187 1931 ς
1212 1893 1328 1929 Eubel,
1346 1893 1523 1925 Bullarium
1537 1893 1790 1929 Franciscanum,
1809 1895 1834 1925 t.
1852 1894 1895 1930 V,
1913 1902 1943 1933 p.
1960 1895 2031 1930 2¹0,
2052 1902 2086 1925 n.
2101 1895 2188 1933 442.)

822 1946 956 1978 16100.
976 1966 1016 1971 -
1031 1948 1114 1988 Μαρ.
1136 1947 1287 1978 Rainaldo
1302 1947 1339 1978 de
1350 1958 1375 1977 s.
1389 1947 1564 1984 Arfflemia,
1582 1947 1715 1978 thesaur.
1732 1946 1927 1985 Noviomen„
1941 1947 2039 1989 Papae
2051 1957 2135 1988 cap„
2152 1947 2280 1979 ducatus
2294 1947 2377 1990 Spo-

777 2002 866 2032 letan.
885 2002 1006 2037 rectori,
1025 2001 1136 2032 mand.
1156 2003 1192 2032 ut
1206 2001 1355 2040 publicet
1371 2010 1502 2032 excom.
1530 2002 1563 2032 et
1586 2000 1758 2032 interdicti
1775 2000 1964 2032 sententias
1988 2002 2105 2033 contra
2122 2000 2282 2041 praefatos
2298 2001 2374 2034 Mu-

774 2056 860 2087 t-ium
874 2056 906 2086 et
920 2055 1113 2094 complices,
1135 2057 1167 2086 et
1193 2055 1235 2086 ad
1258 2054 1533 2095 aggravationem
1559 2054 1712 2094 ipsarum
1737 2054 1907 2094 procedat.
1938 2054 1991 2094 (A.
2015 2056 2065 2092 17,
2090 2054 2113 2086 t'.
2131 2055 2242 2092 43025
2271 2054 2305 2086 V.
2322 2056 2373 2093 73,

774 2118 826 2148 ep.
844 2110 895 2144 ⁴5,
916 2108 952 2139 de
967 2109 1044 2147 cur.)

818 2161 828 2172 ⁴
848 2159 982 2191 16101.
1000 2180 1038 2184 -
1053 2162 1135 2202 Maq.
1155 2161 1306 2192 Rainatdo
1319 2161 1356 2192 de
1371 2161 1578 2199 s.Artltemia,
1592 2161 1725 2192 thesaur.
1739 2161 1932 2200 Noviomen„
1945 2161 2043 2203 Papae
2058 2171 2142 2203 cap.,
2153 2162 2282 2193 ducatus
2291 2161 2372 2204 Spo-

776 2215 869 2245 letan.
885 2215 1006 2252 rectori,
1029 2221 1056 2245 et
1071 2215 1300 2255 inquisitoribus
1316 2215 1464 2246 haereticae
1479 2215 1644 2254 pravitatis
1659 2215 1691 2245 in
1703 2215 1867 2256 provincia
1880 2214 1908 2246 b.
1934 2214 2093 2246 Francisci
2104 2215 2227 2258 mand.
2245 2217 2283 2248 ut
2297 2224 2373 2248 con·

773 2270 826 2300 tra
842 2270 1055 2308 potestatem,
1073 2269 1267 2304 consilium,
1281 2269 1445 2300 officiales
1461 2270 1494 2300 et
1519 2277 1697 2300 commune
1713 2269 1897 2309 Spoletan.,
1917 2268 2068 2301 fautores
2094 2269 2128 2300 et
2143 2270 2375 2309 receptatores

775 2322 958 2359 Frederici,
977 2321 1143 2353 Guidonis
1160 2323 1192 2353 et
1209 2322 1396 2361 Sperantiae
1413 2321 1568 2359 fratrum,
1589 2322 1673 2353 olim
1689 2322 1854 2354 comitum
1869 2322 1911 2353 de
1925 2322 2177 2360 Monteferetro,
2198 2321 2370 2355 haeretico·

775 2384 849 2405 ru1n
867 2377 899 2405 et
915 2375 952 2405 E.
974 2375 1015 2406 R.
1036 2374 1226 2412 rebellium,
1244 2375 1425 2414 procedere
1439 2375 1608 2407 studeant.
1627 2375 1682 2415 (A.
1696 2377 1745 2413 17,
1763 2374 1786 2406 f.
1802 2377 1864 2408 449
1876 2380 1889 2396 ¹
1899 2384 1909 2412 ;
1929 2375 1965 2407 V.
1981 2377 2031 2413 73,
2049 2384 2101 2416 ep.
2119 2376 2171 2413 50,
2189 2375 2225 2406 de
2240 2375 2320 2416 cur.)

818 2428 828 2439 ·
852 2425 987 2457 16102.
1005 2446 1042 2451 -
1063 2428 1223 2458 Fratribus
1241 2428 1275 2459 de
1293 2428 1328 2459 0.
1342 2428 1377 2458 F.
1392 2428 1446 2466 M„
1464 2429 1499 2459 in
1514 2430 1623 2460 terras
1635 2428 1911 2465 sarracenorum,
1926 2437 2148 2476 paganorum,
2161 2428 2371 2466 Graecorum.

774 2482 850 2518 etc.‚
867 2481 1078 2521 aliarumque
1090 2490 1156 2512 non
1167 2482 1377 2513 credentium
1390 2475 1566 2514 na'tionum
1581 2482 1732 2514 Orientis
1745 2484 1779 2514 et
1793 2482 1988 2522 Aquilonis,
2002 2491 2063 2514 seu
2078 2490 2371 2523 quarumcumque

775 2534 919 2564 aliarum
935 2535 1082 2574 partium
1107 2535 1412 2574 proficiscentibus,
1433 2535 1663 2568 conceduntur
1675 2535 1794 2576 plures
1820 2535 2000 2567 facultates
2017 2535 2060 2567 ad
2084 2535 2193 2567 divini
2209 2535 2324 2568 cultus
2335 2535 2373 2568 iu

775 2586 846 2617 illis
861 2586 1016 2626 partibus
1034 2589 1250 2627 augmentum
1268 2590 1300 2620 et
1316 2588 1481 2620 haereticae
1501 2589 1664 2620 falsitatis
1688 2588 1943 2622 exterminium.
1960 2606 2001 2612 —
2024 2589 2050 2620 Ι.
2066 2597 2096 2621 e.
2122 2597 2167 2620 m.
2187 2597 2248 2629 per
2262 2589 2372 2621 totum

774 2640 927 2679 fratribus
941 2640 977 2670 de
992 2639 1028 2670 0.
1046 2640 1082 2673 F.
1099 2641 1135 2671 P.
1154 2642 1206 2680 (A.
1232 2644 1282 2678 17,
1300 2642 1322 2673 f.
1340 2644 1398 2673 377
1410 2647 1440 2679 ³;
1460 2642 1496 2674 V.
1514 2644 1563 2680 73,
1583 2651 1636 2682 ep.
1652 2644 1703 2678 24,
1720 2641 1757 2673 de
1773 2644 1852 2681 cur.)

822 2690 956 2722 16103.
975 2710 1014 2714 -
1034 2693 1193 2724 Guiltelmo
1217 2704 1283 2734 epo
1302 2694 1462 2733 sabinen..
1477 2696 1517 2726 A.
1534 2695 1570 2726 S.
1590 2695 1700 2736 quato.
1715 2696 1801 2728 Cum
1814 2704 1848 2727 n.
1864 2705 1896 2727 v.
1916 2695 2110 2736 PhilippuS,
2125 2696 2226 2728 natus
2247 2695 2289 2727 cl.
2302 2703 2369 2728 mo.

775 2746 888 2777 Sancii
910 2746 1000 2786 regis
1030 2747 1194 2784 Castellae,
1226 2748 1267 2779 ad
1290 2749 1462 2780 civitatem
1495 2749 1679 2789 Legionen.
1706 2749 1891 2786 accederet,
1920 2749 2014 2781 cives
2037 2749 2221 2789 Legionen.
2257 2749 2372 2789 ipsum

775 2798 924 2838 recipere
940 2799 1132 2837 noluerunt,
1152 2801 1210 2832 sed
1226 2810 1325 2832 suum
1339 2802 1500 2834 timentes
1517 2802 1711 2842 ingressum
1729 2802 1771 2833 ad
1784 2802 2012 2834 cathedralem
2030 2802 2110 2834 eccl.
2130 2802 2353 2842 confugerunt
2358 2811 2370 2840 3

775 2860 849 2882 cum
861 2853 974 2884 autem
988 2853 1148 2892 praefatus
1165 2854 1291 2886 nobilis
1302 2855 1411 2886 dictos
1422 2855 1514 2887 cives
1523 2864 1565 2887 ex
1582 2856 1679 2893 eccl.‚
1694 2856 1805 2887 valvis
1822 2855 1897 2896 ejus
1913 2855 2113 2893 combustis,
2126 2857 2160 2887 et
2174 2863 2218 2887 ex
2235 2856 2312 2896 ipsa
2325 2855 2370 2887 ci·

774 2905 877 2936 vitate
895 2905 1060 2945 ejecisset,
1076 2907 1201 2939 dictam
1218 2908 1298 2939 eccl.
1317 2909 1593 2949 propugnaculis,
1613 2909 1722 2940 muris
1737 2910 1771 2940 et
1786 2909 1927 2941 fossatis
1944 2909 1980 2940 in
1997 2909 2142 2940 circuitu
2159 2908 2317 2946 munivit,
2330 2908 2370 2940 li·

774 2957 853 2989 bero
870 2958 963 2990 aditu
980 2959 1022 2990 ad
1034 2968 1106 2990 eam
1127 2961 1290 3000 praecluso
1309 2961 1451 3002 ipsaque
1473 2962 1607 2993 cuidam
1622 2962 1724 2993 militi
1739 2962 1935 2993 commissa.
1951 2963 2062 2999 Quare
2078 2962 2191 2994 mand.
2210 2962 2370 3002 praedicto

774 3011 883 3051 legato
900 3013 935 3043 ut
950 3013 1062 3044 eumd.
1077 3012 1285 3053 Philippum,
1306 3023 1405 3054 quem
1421 3023 1480 3054 per
1496 3015 1583 3046 alias
1606 3024 1686 3046 suas
1704 3015 1771 3047 litt.
1790 3015 1949 3047 Pontifex
1964 3015 2106 3056 rogavit,
2131 3015 2311 3055 compellat
2327 3015 2370 3047 ad
