2592 3528
142 428 245 456 Datum
266 422 449 456 Avenione.

186 631 220 660 ⁴5
232 631 298 666 jan.
319 630 407 659 1322.

167 679 257 711 (xvm
273 675 332 703 kal.
350 674 421 711 feb.)

202 721 232 748 T.
251 721 297 754 XI,
318 720 389 748 XIII.

254 792 289 819 Ut
309 799 332 819 s.

204 837 234 864 T.
253 837 298 869 XI,
312 835 383 863 XIII.

184 1005 221 1033 16
234 1004 300 1039 jan.
324 1003 411 1031 ¹322.

179 1050 255 1086 (xvu
270 1048 330 1076 kal.
347 1047 416 1082 feb.)

204 1094 234 1121 T.
254 1093 300 1127 XI,
320 1092 392 1120 XIII.

257 1164 294 1192 Ut
312 1172 335 1191 s.

207 1209 238 1236 T.
255 1209 301 1243 XI,
315 1208 387 1235 XIII.

253 1375 290 1403 Ut
316 1383 340 1403 5.

161 1421 207 1449 Gr.
225 1428 277 1456 pro
296 1420 364 1447 d.no
379 1419 434 1447 vic.

188 1482 300 1516 49Jan.
324 1480 410 1508 1322.

189 1527 253 1563 (xlv
266 1525 325 1553 kal.
342 1525 412 1561 feb.)

222 1571 253 1598 Τ.
270 1571 303 1604 X,
317 1570 376 1597 XII.

189 1802 226 1829 20
236 1802 301 1836 jan.
323 1801 412 1832 1322.

187 1848 255 1883 (xm
270 1847 328 1874 kal.
347 1845 416 1881 feb.)

205 1892 235 1918 T.
253 1891 299 1925 xl,
318 1891 390 1918 XIII.

261 1962 298 1990 Ut
315 1970 338 1989 s.

245 2007 275 2034 T.
292 2007 350 2034 XII.

261 2123 298 2150 Ut
318 2131 341 2150 s.

249 2168 280 2194 T.
301 2167 358 2193 XII.

263 2230 299 2257 Ut
317 2238 340 2256 s.

210 2275 240 2302 T.
260 2274 306 2308 XI,
322 2274 394 2302 XIII.

190 2496 227 2523 21
244 2495 310 2531 jan.
330 2495 418 2524 1322.

199 2541 254 2575 (ιιι
268 2540 327 2568 kal.
344 2539 413 2575 reb.)

236 2585 266 2612 T.
287 2584 370 2612 XXX.

266 2709 304 2736 Ut
320 2717 342 2736 s.

254 2753 284 2781 T.
304 2753 359 2780 LX.

270 2868 306 2896 Ut
327 2876 350 2895 s.

213 2911 244 2939 T.
262 2912 308 2946 XI,
329 2912 400 2940 XIII.

498 332 672 364 JOANNIS
695 331 813 362 PAPAE
836 330 938 362 XXII.
961 330 1210 370 (1316-1334).
1235 347 1274 353 -—
1296 330 1482 361 LITTERAE
1506 330 1731 362 COMMUNES
2098 336 2134 368 51

536 524 663 564 nepoti.
689 540 729 546 —
754 523 780 553 I.
805 531 834 554 e.
859 531 906 553 m.
933 522 1103 562 archiep.0
1126 522 1313 559 Arelaten.,
1336 523 1366 552 et
1394 521 1520 553 archid.
1545 523 1585 553 de
1607 523 1864 562 Montepensato
1887 524 2077 561 Caturcen„
2102 534 2139 556 36

537 577 673 608 5601351.
693 576 944 616 Petragoricen.
962 575 1042 606 6661.
1059 575 1111 614 (A.
1132 577 1181 614 16,
1198 575 1222 606 f.
1240 576 1298 606 155
1315 580 1343 610 ⁸3
1369 575 1404 606 V.
1422 577 1471 612 73,
1491 584 1542 614 ep.
1560 576 1644 614 379.)

584 627 716 659 14952.
733 647 771 652 -
788 628 909 660 Collat.
924 637 1041 659 canon.
1057 627 1120 659 sub
1136 636 1230 667 exsp.
1246 627 1347 667 praeb.
1363 628 1512 667 integrae,
1529 637 1594 658 non
1611 628 1832 659 sacerdotalis
1849 629 1929 660 eccl.
1946 630 2139 666 Belvacen.,

537 683 698 715 Bernardo
709 678 872 713 deTurre.
890 699 929 704 —-
944 682 970 712 Ι.
986 690 1014 712 6.
1034 690 1079 712 m.
1098 683 1198 718 cana,
1215 682 1247 712 et
1262 681 1442 712 Ademario
1459 682 1499 711 de
1515 681 1609 718 Cros,
1628 682 1894 718 Claromonten.‚
1909 691 1945 713 36
1956 683 2141 714 Guillelmo

538 737 578 768 de
595 736 784 773 Duroforti‚
803 735 957 766 Anicien.
977 743 1050 765 can.
1069 734 1148 766 eccl.
1168 734 1221 774 (A.
1247 736 1295 768 16,
1316 735 1338 764 s.
1359 736 1457 771 156³;
1483 734 1515 765 V.
1535 736 1585 771 73,
1602 743 1654 774 ep.
1674 735 1759 773 405.)

587 786 720 818 14953,
738 806 773 811 -
790 788 911 820 Collat.
929 797 1047 818 canon.
1067 787 1130 818 sub
1147 796 1242 827 exsp.
1261 787 1363 827 praeb.
1383 787 1464 818 6661.
1479 787 1664 823 Βῑίνιήεη..
1684 796 1712 818 5.
1731 788 1824 818 Flori
1842 788 1901 825 di.,
1920 788 2054 819 Eracleo
2068 788 2139 819 des.

539 843 697 879 Νεειενὶος
713 850 777 872 ηπ]
794 841 879 873 obst.
897 842 930 872 in
945 841 1018 872 ead.
1035 841 1114 872 eccl.
1130 841 1290 872 clericatu
1305 849 1363 871 seu
1380 840 1545 871 choraria.
1571 858 1603 863 -
1624 841 1651 871 Ι.
1670 850 1699 871 6.
1714 850 1758 871 m.
1786 841 1892 880 priori
1921 842 1960 873 de
1988 842 2141 878 Baiassa,

540 906 568 928 s.
589 896 682 928 Flori
705 896 765 932 di.,
794 897 827 926 et
845 896 932 926 cant.
960 894 1225 934 Petragoricen„
1254 903 1291 925 ac
1317 894 1501 926 Guillelmo
1519 894 1559 925 de
1586 894 1776 933 Duroforti,
1796 903 1869 926 can.
1888 895 2043 926 Anicien.
2061 895 2141 926 eccl.

539 950 593 991 (A.
611 951 659 987 16,
682 949 703 980 f.
722 948 820 982 328b;
846 948 879 980 V.
903 950 955 986 73,
969 957 1021 988 ep.
1038 947 1142 987 1508.)

588 999 724 1033 14954.
741 1020 779 1025 -
798 1002 918 1033 Coliat.
935 1010 1052 1032 canon.
1070 1001 1133 1032 sub
1151 1009 1247 1040 exsp.
1266 1001 1368 1041 prael).
1387 1009 1424 1031 36
1439 1001 1771 1040 p1¹aep0siturae‚quae
1790 1002 1944 1032 mensata
1959 1001 2144 1042 vulgariter

541 1057 765 1096 nuncupatur,
783 1055 863 1086 6661.
881 1055 1066 1091 Valentin„
1081 1054 1228 1085 Feri-ario
1245 1053 1392 1094 [liparim.
1412 1071 1450 1076 —-
1464 1054 1490 1084 Ι.
1505 1063 1533 1085 e.
1550 1063 1595 1085 m.
1612 1063 1687 1093 cp.o
1702 1054 1836 1092 Elnen.,
1854 1055 1887 1085 et
1904 1054 1980 1085 abb.
1997 1056 2142 1086 monast.

541 1109 775 1149 Vassisdignae,
796 1108 968 1140 Valentin.
987 1108 1046 1145 di.,
1063 1117 1100 1139 ac
1118 1108 1308 1138 succentori
1324 1108 1405 1139 eccl.
1422 1107 1542 1139 Elnen.
1561 1108 1613 1147 (A.
1633 1109 1680 1145 16,
1701 1107 1724 1138 f.
1741 1107 1840 1146 266b;
1871 1107 1907 1139 V.
1925 1110 1975 1146 73,
1990 1116 2042 1147 ep.
2060 1109 2144 1147 356.)

589 1160 723 1192 14955.
757 1179 796 1185 -—
812 1161 933 1193 Collat.
952 1170 1070 1192 canon.
1089 1160 1152 1192 sub
1174 1169 1269 1200 exsp.
1287 1160 1391 1201 praeb.
1409 1169 1446 1191 ac
1464 1161 1696 1200 praepositurae
1714 1169 1787 1200 quae
1804 1162 1957 1192 mensata
1973 1170 2146 1201 nuncupa·

542 1218 597 1248 tur
619 1217 654 1247 in
673 1216 752 1247 eccl.
772 1215 1018 1247 Barchinonen.
1039 1213 1201 1245 Gui'lelmo
1217 1214 1251 1244 de
1275 1213 1442 1245 Belloloco.
1461 1233 1499 1237 —
1514 1214 1542 1245 Ι.
1561 1223 1590 1245 6.
1610 1223 1653 1245 m.
1671 1214 1775 1253 priori
1795 1223 1823 1244 s.
1842 1214 1947 1246 Annoe
1964 1214 2146 1246 Barchino-

542 1279 634 1305 nen.,
661 1270 694 1301 et
725 1269 851 1300 archid.
877 1268 918 1299 de
946 1267 1142 1308 Ripacurtia
1165 1267 1323 1305 Ilerden.,
1351 1275 1387 1298 ac
1404 1267 1593 1298 succentori
1611 1267 1730 1298 Elnen.
1749 1267 1830 1298 eccl.
1851 1268 1903 1307 (A.
1926 1269 1975 1305 16,
1995 1268 2017 1298 f.
2035 1269 2094 1298 267
2109 1273 2144 1305 ²3

547 1323 584 1354 V.
603 1325 654 1360 73,
674 1331 727 1362 ep.
746 1323 829 1360 357.)

590 1373 724 1406 14956.
757 1393 797 1398 —
814 1374 998 1406 Concessio
1025 1373 1269 1405 tabellionatus
1292 1374 1347 1405 off.
1366 1374 1459 1404 Petro
1475 1373 1511 1404 de
1531 1373 1637 1410 Puteo,
1666 1373 1744 1404 alias
1771 1373 1852 1405 dicto
1873 1374 1909 1405 de
1934 1374 2145 1413 Vindia-almo,

542 1429 623 1461 cler.
640 1428 831 1460 Ruthenen.
851 1428 897 1458 di.
917 1427 969 1468 (A.
990 1428 1037 1465 16,
1054 1427 1077 1457 f.
1095 1429 1152 1458 199
1167 1429 1204 1465 ⁸.)

589 1479 725 1512 14957.
755 1498 792 1504 -
810 1481 930 1513 Collat.
951 1489 1070 1512 canon.
1088 1482 1120 1512 et
1138 1480 1240 1520 prael).
1263 1480 1342 1511 eccl.
1360 1480 1601 1518 Cenomanen.‚
1617 1489 1676 1520 per
1693 1481 1773 1511 obit.
1789 1482 1931 1512 Joannis
1949 1482 1989 1513 de
2006 1482 2148 1513 Camera

543 1536 643 1575 apud.
661 1535 693 1567 S.
710 1536 749 1567 A.
769 1535 896 1574 praevia
909 1534 1048 1574 speciali
1063 1534 1294 1565 reservatione
1310 1542 1395 1570 vac.,
1415 1533 1576 1565 Guillelmo
1592 1534 1628 1564 de
1644 1534 1863 1570 Fencheroliis‚
1879 1544 1944 1566 non
1962 1535 2048 1567 obst.
2067 1536 2102 1566 in
2118 1544 2145 1566 s.

543 1589 670 1620 Melani
690 1589 730 1620 de
760 1588 949 1625 Pontisera,
978 1587 1223 1627 Rothomagen.
1255 1587 1315 1624 di.,
1344 1596 1476 1624 canon,
1498 1587 1600 1627 praeb.
1628 1589 1660 1619 et
1678 1589 1852 1623 decanatu,
1873 1590 1905 1619 et
1926 1589 1959 1619 in
1975 1590 2144 1620 Turonen.

543 1642 624 1674 eccl.
653 1651 771 1673 canon.
800 1641 863 1672 sub
891 1649 987 1681 exsp.
1015 1641 1118 1680 praeb.
1141 1658 1176 1662 —
1200 1641 1227 1672 Ι.
1247 1649 1276 1672 6.
1294 1649 1339 1671 m.
1359 1640 1435 1671 abb.
1453 1642 1598 1672 monast.
1620 1650 1647 1671 5.
1666 1642 1836 1673 vincentii
1858 1642 2097 1678 Cenomanen.,
2115 1644 2147 1674 et

544 1695 680 1727 5601351.
710 1695 790 1726 eccl.
811 1694 1042 1731 Aurelianen,
1061 1703 1098 1725 36
1115 1702 1202 1734 mag.
1220 1694 1364 1725 Andreae
1393 1694 1577 1731 Porcherii‚
1599 1703 1671 1725 can.
1691 1695 1906 1735 Andegaven.
1927 1695 2008 1726 eccl.
2026 1696 2077 1734 (A.
2098 1698 2147 1732 16,

544 1749 567 1780 f.
582 1750 622 1779 72
638 1748 670 1785 ὓς
695 1748 729 1779 V.
747 1750 797 1786 73,
814 1757 865 1787 ep.
885 1748 970 1786 401.)

591 1799 724 1831 14958.
744 1818 782 1824 -
800 1801 921 1833 Collat.
939 1809 1057 1832 canon.
1075 1800 1139 1831 sub
1157 1809 1250 1840 exsp.
1266 1800 1369 1840 praeb.
1387 1801 1468 1831 6661.
1486 1801 1663 1832 Faventin.
1690 1801 1809 1831 leomoe
1825 1801 1966 1842 Philippi
1982 1802 2090 1833 ,Jacobi
2112 1801 2148 1832 de

545 1855 698 1886 Mevania.
715 1873 753 1877 -
772 1855 797 1885 Ι.
816 1863 844 1886 e.
863 1863 907 1885 m.
927 1853 1207 1885 abb.monast.S.
1226 1854 1269 1885 M.
1289 1854 1373 1885 foris
1391 1856 1523 1894 portam
1544 1855 1735 1891 Faventin.,
1753 1857 1785 1886 et
1803 1864 1904 1895 praep.
1920 1855 2145 1893 Ebredunen.,

545 1918 582 1940 ac
608 1909 733 1940 Jacobo
752 1908 858 1944 Savii,
875 1917 947 1938 can.
963 1907 1153 1939 Ariminen.
1173 1907 1253 1939 6661.
1273 1907 1323 1946 (A.
1343 1909 1391 1942 16,
1416 1907 1438 1938 f.
1458 1909 1517 1939 345
1536 1907 1569 1943 b;
1590 1908 1624 1938 V.
1643 1910 1693 1945 73,
1712 1917 1763 1948 ep.
1781 1908 1867 1948 491.)

591 1959 726 1991 14959.
741 1980 779 1985 -
795 1961 906 1993 Mand.
925 1961 1038 1991 rectori
1054 1960 1197 1991 Marchiae
1208 1961 1396 1991 Anconitan.
1411 1963 1447 1991 ut
1461 1961 1588 1992 Giliolo
1602 1961 1690 1992 dicto
1703 1962 1853 1999 Cavallo,
1866 1962 1931 1992 civi
1944 1963 2146 2000 Ariminen.,

547 2015 786 2046 ambassiatori
805 2023 838 2045 n.
860 2023 891 2044 v.
909 2014 1127 2045 dominorum
1152 2014 1192 2045 de
1209 2014 1398 2045 Malatestis
1418 2014 1457 2045 de
1475 2014 1589 2054 aliquo
1614 2015 1668 2046 off.
1694 2015 1729 2045 in
1756 2017 1845 2046 terra
1863 2015 1973 2054 ipsius
1990 2016 2148 2055 regimini

546 2069 729 2100 commissa
745 2068 931 2108 provideat.
950 2067 1003 2108 (A.
1030 2069 1080 2104 16,
1098 2067 1121 2098 f.
1141 2068 1201 2098 348
1214 2067 1245 2103 b,
1270 2066 1303 2097 V.
1321 2069 1371 2104 73,
1390 2076 1443 2106 ep.
1460 2068 1519 2099 500
1535 2067 1591 2107 Α.)

593 2119 726 2150 14960.
744 2139 781 2143 -
807 2121 919 2152 Mand.
938 2120 1051 2152 simile
1080 2120 1193 2151 rectori
1206 2120 1375 2161 provincia»
1392 2120 1599 2151 Romandiolae
1616 2121 1782 2152 directum
1798 2130 1857 2160 pro
1874 2122 1990 2152 eodem
2009 2122 2147 2153 Giliolo.

548 2176 600 2215 (A.
619 2177 667 2212 16,
685 2175 707 2205 f.
728 2175 786 2206 348
802 2173 832 2211 ¹³3
856 2174 889 2204 V.
917 2176 967 2209 73,
985 2182 1037 2213 ep.
1056 2175 1116 2205 500
1134 2174 1186 2212 Β.)

594 2225 731 2258 14961.
750 2245 787 2250 -
803 2227 977 2264 Froncisco,
997 2226 1065 2266 filio
1082 2226 1193 2267 quond.
1211 2226 1271 2257 Ser
1290 2227 1401 2257 Leonis
1419 2226 1454 2258 de
1468 2226 1619 2267 Faytano,
1635 2227 1746 2258 collat.
1767 2236 1899 2264 canon.,
1919 2228 2148 2259 cardinalatus

547 2282 734 2322 vulgariter
749 2280 944 2320 nuncupati,
958 2280 1021 2311 sub
1032 2288 1129 2319 exsp.
1144 2280 1245 2319 praeb.
1260 2280 1340 2311 eccl.
1358 2281 1589 2312 Ravennaten.
1609 2280 1642 2311 in
1658 2289 1724 2320 qua
1741 2281 1806 2312 duo
1825 2281 1928 2317 chori,
1950 2281 2045 2321 cujus
2061 2290 2149 2312 unus

549 2335 705 2366 videlicet
735 2334 974 2366 canonicorum
1001 2333 1226 2364 cardinalium
1249 2334 1281 2364 et
1300 2333 1388 2364 alius
1407 2334 1581 2364 cantorum
1600 2335 1773 2371 vocantur,
1793 2334 1863 2365 fore
1879 2335 2048 2366 dicuntur.
2068 2352 2104 2356 —
2121 2335 2147 2365 I.

548 2397 577 2420 e.
608 2398 654 2420 m.
684 2388 761 2419 abb.
784 2388 930 2418 monast.
949 2395 976 2418 s.
993 2387 1149 2426 Gregorii
1178 2386 1213 2417 in
1231 2386 1375 2423 Concha,
1401 2387 1605 2418 Avinionen.
1626 2387 1685 2424 di.,
1704 2389 1736 2418 61
1754 2396 1856 2427 praep.
1880 2388 2097 2425 Avinionen.,
2113 2397 2151 2419 36

548 2441 674 2474 Jacobo
688 2442 728 2472 de
745 2441 887 2478 Mutina,
906 2449 978 2471 can.
998 2441 1214 2471 cameracen.
1234 2440 1314 2470 eccl.
1344 2440 1395 2480 (A.
1416 2442 1464 2475 17,
1483 2440 1505 2472 f.
1526 2442 1563 2471 37
1580 2445 1609 2477 ³3
1633 2440 1665 2472 V.
1685 2443 1734 2478 73,
1752 2450 1803 2480 ep.
1825 2443 1907 2480 738.)

595 2492 731 2524 14962.
748 2512 784 2516 -
801 2494 982 2525 Concessio
997 2494 1038 2524 ad
1058 2493 1091 2525 S.
1108 2494 1146 2524 A.
1164 2492 1415 2532 beneplacitum
1433 2493 1682 2532 jurisdictionis
1696 2494 1780 2524 meri
1798 2503 1834 2525 ac
1851 2495 1952 2525 mixti
1966 2494 2100 2534 imperii
2120 2495 2152 2525 et

550 2547 755 2588 cognitionis
769 2548 957 2587 primarum
976 2555 1156 2577 causarum
1173 2547 1322 2576 communi
1337 2551 1366 2576 et
1385 2545 1502 2587 populo
1515 2547 1650 2577 civitatis
1668 2546 1864 2584 Maceraten„
1881 2547 1924 2577 Ε.
1942 2547 1978 2578 R.
1998 2546 2150 2587 fidelibus,

551 2609 637 2641 quos
652 2601 778 2632 exemit
792 2601 884 2641 Papa
898 2609 916 2631 3
933 2600 1082 2631 Firman.
1097 2601 1129 2631 et
1147 2600 1360 2631 Camerinen.
1374 2609 1527 2640 eporum
1541 2609 1578 2631 ac
1594 2600 2069 2640 capitulorumjurisdictione
2086 2600 2153 2640 spi-

550 2654 678 2692 rituali,
698 2655 809 2686 castro
824 2654 1026 2685 Maceraten.
1047 2653 1080 2683 in
1100 2653 1272 2684 civitatem
1290 2654 1412 2684 erecto.
1430 2653 1483 2693 (A.
1511 2655 1558 2690 16,
1577 2653 1599 2684 f.
1621 2656 1660 2684 73
1672 2653 1705 2690 ¹³3
1726 2653 1758 2683 V.
1777 2656 1825 2692 73,
1841 2662 1893 2693 ep.
1910 2655 1993 2692 407.)

598 2704 732 2736 14963.
752 2724 789 2728 -
804 2707 891 2748 Epo
906 2706 1051 2737 l’erusin.
1080 2706 1194 2737 mand.
1224 2707 1261 2737 ut
1291 2706 1398 2746 erigat
1424 2706 1558 2746 plebem
1582 2707 1621 2738 de
1643 2707 1829 2746 Confignio,
1854 2707 2011 2738 Perusin.
2037 2707 2096 2743 di.,
2120 2707 2155 2737 in

558 2761 677 2801 colleg.
689 2760 782 2796 eccl„
793 2761 868 2792 etin
879 2769 917 2791 ea
927 2769 960 2790 1v
973 2759 1212 2791 canonicorum
1223 2768 1402 2790 numerum
1412 2759 1569 2790 instituat
1581 2769 1589 2797 ;
1605 2760 1753 2791 instante
1764 2760 1942 2792 Tiberutio
1955 2760 1995 2792 de
2007 2759 2155 2791 dominis

553 2815 592 2846 de
610 2814 864 2850 Montemelivo,
883 2813 991 2853 ejusd.
1009 2812 1120 2852 plebis
1137 2812 1290 2851 plebano.
1310 2813 1360 2850 (A.
1383 2814 1432 2850 16,
1450 2813 1471 2843 f.
1491 2814 1549 2844 398
1561 2812 1590 2849 b,
1617 2812 1649 2843 V.
1667 2815 1716 2849 73,
1735 2822 1788 2853 ep.
1804 2813 1891 2852 640.)

599 2865 734 2896 14964.
758 2885 791 2889 -
807 2867 928 2899 Collat.
947 2875 1065 2898 canon.
1085 2866 1147 2897 sub
1163 2875 1259 2906 exsp.
1277 2865 1378 2905 praeb.
1399 2866 1479 2897 eccl.
1495 2866 1639 2902 Callen.,
1655 2866 1741 2897 alias
1763 2866 1860 2897 dictae
1878 2866 2026 2897 civitatis
2044 2874 2070 2896 s.
2090 2866 2155 2896 An-

553 2921 618 2961 geli
638 2920 850 2961 principalis,
865 2920 958 2950 Petro
975 2919 1173 2959 Huqolinucii
1188 2919 1223 2949 de
1237 2929 1261 2949 s.
1280 2919 1359 2956 Vito,
1379 2928 1451 2950 can.
1468 2919 1547 2950 eccl.
1567 2920 1693 2950 Fanen.
1712 2919 1774 2950 sub
1792 2927 1887 2958 exsp.
1904 2919 2005 2958 praeb.
2025 2936 2063 2941 ——
2079 2919 2105 2950 I.
2125 2927 2152 2950 e.

554 2983 600 3006 m.
619 2983 694 3013 ep.o
713 2973 1018 3010 Forosinfronien„
1037 2974 1068 3004 et
1084 2972 1159 3003 abb.
1179 2974 1325 3003 monast.
1343 2981 1370 3003 s.
1389 2972 1564 3004 Laurentii
1581 2972 1615 3002 in
1632 2973 1770 3011 Campo,
1790 2973 1916 3003 Fanen.
1935 2972 1995 3008 di.,
2013 2981 2050 3003 36
2067 2980 2154 3011 mag.

555 3027 654 3059 Gotio
672 3027 713 3058 de
733 3026 899 3063 Arimino,
924 3035 995 3057 can.
1015 3026 1247 3057 Ravennatem.
1266 3025 1346 3056 6661.
1365 3025 1416 3064 (A.
1440 3027 1488 3062 16,
1506 3025 1529 3056 f.
1550 3025 1653 3062 408⁸,
1683 3025 1718 3055 V.
1739 3027 1788 3061 73,
1803 3033 1854 3064 ep.
1874 3026 1957 3062 700.)
