2592 3528
353 359 391 389 48

386 448 488 475 Datum
507 441 688 476 Avenione.

358 656 394 684 10
415 659 455 691 (1v
477 655 528 687 id.)
544 655 609 689 jan.
634 653 720 682 1322.

483 700 513 727 T.
537 699 592 726 XX.

500 867 535 894 Ut
550 875 572 893 s.

463 911 493 938 T.
516 910 608 938 XVIII.

499 1183 534 1211 Ut
550 1191 572 1210 s.

444 1228 473 1254 T.
491 1228 535 1261 XI,
553 1227 625 1254 xlll.

496 1502 530 1529 Ut
550 1510 572 1529 s.

434 1546 463 1573 T.
484 1546 540 1580 xx,
556 1545 637 1572 xxl1.

498 1874 532 1902 Ut
553 1882 575 1901 s.

420 1919 449 1946 T.
466 1919 535 1953 xw,
551 1919 646 1946 xv111.

494 2086 531 2114 Ut
548 2094 571 2113 s.

439 2131 470 2157 T.
491 2131 537 2165 xl,
558 2131 630 2158 XIII.

494 2404 530 2432 Ut
550 2413 573 2431 s.

483 2448 512 2474 T.
528 2448 584 2475 XX.

498 2721 534 2748 Ut
551 2730 574 2749 s.

499 2880 535 2908 Ut
555 2889 577 2908 s.

465 2924 495 2950 T.
518 2924 610 2952 XXIV.

744 352 917 385 JOANNIS
940 352 1058 384 PAPAE
1080 351 1182 381 XXII.
1207 350 1456 389 (1316-1334).
1481 366 1518 370 —
1541 345 1728 376 LITTERAE
1751 343 1976 375 COMMUNES

778 546 859 577 eccl.
874 554 900 575 s.
920 544 1041 575 Auiani
1057 543 1289 579 Aurelianen„
1305 550 1341 571 ac
1356 539 1492 580 Hugoni
1506 539 1546 569 de
1561 547 1588 569 s.
1605 538 1752 574 Verane,
1765 546 1838 569 can.
1853 538 1994 569 Remen.
2009 537 2155 578 eccl.(A.
2175 539 2225 575 16,
2242 537 2265 569 f.
2278 538 2380 575 262·;

782 599 818 630 V.
839 601 888 634 73,
907 607 958 637 ep.
976 598 1059 634 338.)

825 648 958 680 14925.
980 668 1015 674 -
1038 648 1243 683 Virziliacen„
1259 646 1398 677 AEduen.
1417 645 1474 682 di.,
1494 649 1521 676 et
1539 655 1564 675 s.
1584 644 1729 676 Germani
1743 644 1973 675 Autisiosloren.
1997 648 2128 682 monast.
2145 643 2228 682 abb„
2246 654 2282 675 ac
2296 653 2379 684 may.

777 704 891 735 ιΙοανιηι·
907 703 943 733 de
956 703 1069 738 Leona,
1082 712 1148 732 can.
1164 699 1408 736 Autisiodoren„
1425 699 1538 730 mand.
1553 699 1590 729 ut
1601 698 1706 738 recipi
1722 698 1846 729 faciant
1863 698 2082 738 Margaritam
2096 697 2204 728 filiam
2217 697 2381 737 Stephani

778 758 859 789 dicti
877 758 985 791 Matae,
1005 756 1089 787 civis
1109 754 1375 790 Autisiodoren„
1395 752 1546 792 puellam
1562 751 1762 789 litteratam,
1781 751 1815 783 in
1831 753 1976 783 monast.
1994 750 2198 782 monialium
2212 751 2254 782 de
2268 750 2386 787 Criae-⁴

778 819 876 845 none,
893 810 930 841 O.
950 810 982 840 S.
1002 809 1051 845 Β.,
1072 807 1324 839 Autisiodoren.
1343 806 1387 837 di.
1410 805 1463 846 (A.
1483 807 1532 843 16,
1557 804 1579 836 f.
1596 806 1655 837 263
1671 810 1702 841 ¹²;
1724 804 1760 836 V.
1781 806 1830 843 73,
1855 813 1907 845 ep.
1925 804 2012 843 339.)

825 860 958 893 14926.
978 880 1014 884 -
1031 861 1152 892 Induit.
1167 859 1278 890 jacobo
1287 859 1323 890 de
1335 859 1446 893 Fraus,
1461 859 1583 890 rectori
1598 858 1679 890 eccl.
1695 858 1735 889 de
1748 857 2126 898 Chableys‚Lingonen.
2140 857 2250 894 di.,de
2265 856 2379 897 presb.

778 919 809 948 et
826 916 935 947 soluta
951 915 1073 954 genito,
1091 916 1122 944 et
1137 914 1177 944 ad
1194 913 1258 944 tria
1272 912 1383 943 benef.
1401 912 1589 943 ecclesIast.
1607 911 1791 943 obtinenda
1806 911 1892 943 alias
1908 911 2119 951 dispensato,
2136 910 2266 942 consid.
2279 911 2381 942 Joan-

777 979 827 1000 nae
854 969 976 1008 reginae
1000 967 1149 998 Franciae
1175 966 1353 1005 ipsiusque
1379 965 1470 1000 filiae,
1499 966 1640 997 Joannae
1667 965 1812 996 ducissae
1830 964 2046 1005 Burgundiae,
2073 966 2110 995 ut
2134 963 2232 995 dictae
2255 964 2380 1004 reginae

777 1021 952 1061 obsequiis
971 1020 1160 1051 insistendo
1177 1020 1229 1050 vel
1251 1019 1285 1049 in
1304 1019 1416 1050 studio
1439 1018 1590 1059 generali
1607 1018 1821 1049 immorando
1841 1011 1907 1049 non
1923 1018 2079 1049 teneatur
2094 1025 2204 1057 usque
2224 1017 2267 1048 ad
2287 1016 2380 1048 bien-

776 1075 871 1106 nium
898 1075 932 1104 in
957 1074 1035 1105 eccl.
1062 1073 1114 1104 vel
1143 1073 1268 1110 benef„
1294 1081 1369 1112 quae
1395 1071 1526 1103 obtinet
1549 1073 1582 1103 et
1605 1071 1784 1109 obtinebit,
1809 1071 2037 1111 personaliter
2059 1070 2220 1102 residere.
2248 1069 2301 1111 (A.
2329 1072 2379 1108 16,

775 1129 798 1159 f.
815 1129 868 1160 191
885 1133 918 1164 ¹3
945 1127 976 1157 V.
1000 1128 1047 1164 73,
1066 1136 1118 1166 ep.
1135 1127 1220 1166 341.)

823 1178 956 1210 14927.
977 1198 1015 1202 -
1033 1179 1155 1211 Collat.
1175 1187 1294 1211 canon.
1316 1178 1379 1210 sub
1398 1187 1494 1218 exsp.
1512 1177 1614 1218 praeb.
1632 1178 1762 1212 liberae,
1788 1178 1938 1217 integrae,
1961 1186 2029 1209 non
2055 1176 2278 1209 sacerdotalis
2296 1175 2378 1208 eccl.

775 1233 989 1270 Ambianen.,
1006 1233 1134 1264 consid.
1152 1233 1193 1264 cI.
1212 1241 1278 1263 me.
1293 1232 1456 1272 Philippi,
1472 1232 1576 1272 regis,
1589 1233 1622 1263 et
1633 1232 1784 1268 Joannae,
1798 1231 1924 1271 reginae
1934 1230 2098 1267 Franciae,
2115 1229 2241 1262 relictae
2254 1230 2378 1270 ipsius,

776 1287 868 1318 Petro
886 1287 921 1317 de
945 1286 1155 1323 Vermoncone,
1174 1295 1241 1317 non
1255 1285 1342 1317 obst.
1360 1286 1396 1317 in
1410 1285 1664 1317 Autisiodoren.
1693 1294 1812 1316 canon.
1829 1286 1862 1316 et
1878 1284 1994 1324 praeb„
2021 1285 2053 1315 et
2078 1284 2114 1314 in
2135 1284 2277 1315 Remen.
2296 1282 2378 1315 eccl.

775 1350 892 1372 canon.
910 1340 973 1371 sub
990 1349 1085 1379 exsp.
1104 1339 1207 1379 praeb.
1223 1357 1261 1362 —
1278 1340 1305 1371 Ι.
1321 1348 1350 1370 e.
1366 1348 1412 1370 m.
1432 1338 1509 1370 abb.
1526 1340 1673 1370 monast.
1687 1347 1716 1369 s.
1734 1338 1872 1370 Martini
1889 1336 2327 1375 deGemelIisAmbianen.,
2346 1336 2380 1368 et

777 1403 863 1434 mag.
879 1395 978 1424 Petro
992 1393 1147 1433 Hugonis
1166 1402 1203 1424 ac
1216 1392 1364 1424 Droconi
1382 1393 1423 1424 de
1435 1392 1598 1431 Marchia,
1616 1401 1689 1424 can.
1706 1393 1847 1424 Trecen.
1864 1392 1945 1423 eccl.
1963 1391 2015 1432 (A.
2036 1392 2086 1429 16,
2103 1390 2126 1422 f.
2146 1391 2206 1422 192
2219 1395 2249 1427 ⁸3
2275 1389 2308 1422 V.
2327 1391 2378 1428 73,

776 1457 827 1487 ep.
844 1449 927 1484 343.)

823 1498 954 1530 14928.
968 1518 1005 1522 —
1018 1500 1138 1531 Collat.
1155 1500 1387 1540 praepositurae
1400 1500 1546 1531 monast.
1571 1499 1802 1537 Bellimontis‚
1814 1507 1874 1539 per
1889 1507 1992 1539 praep.
2005 1498 2099 1530 soliti
2114 1497 2206 1538 gub„
2219 1497 2258 1530 Ο.
2273 1497 2308 1529 S.
2321 1495 2378 1535 A„

775 1554 921 1586 Vabren.
941 1554 999 1590 di.,
1025 1562 1084 1592 per
1099 1553 1350 1593 promotionem
1366 1553 1494 1584 Amelii
1522 1553 1565 1584 ad
1588 1552 1758 1584 abbatiam
1782 1554 1928 1584 monast.
1956 1560 1984 1582 s.
2005 1551 2180 1583 Saturnini
2204 1550 2379 1588 Tolosam,

775 1608 855 1638 dicti
876 1608 960 1643 ord„
977 1607 1017 1638 ad
1034 1608 1073 1639 R.
1090 1607 1129 1638 E.
1147 1606 1242 1638 nullo
1257 1607 1369 1638 medio
1383 1607 1519 1646 pertin,
1539 1606 1628 1646 apud
1646 1607 1681 1638 S.
1710 1607 1751 1637 A.
1775 1615 1860 1642 vac„
1884 1604 2017 1636 sicardo
2032 1604 2167 1635 Frater-ii
2181 1604 2262 1635 eccl.
2281 1603 2380 1635 Tolo-

775 1670 861 1700 sam„
877 1661 983 1700 ejusd.
1001 1660 1086 1695 ord.‚
1105 1669 1192 1698 can„
1216 1659 1275 1700 qui
1297 1660 1487 1700 prioratum
1516 1660 1772 1691 conventualem
1794 1659 1835 1691 de
1856 1668 1884 1690 s.
1905 1658 2088 1698 Cypriano,
2114 1657 2269 1698 praedicti
2292 1656 2378 1695 ord„

774 1714 939 1745 Sarluten.
960 1714 1018 1750 di.,
1039 1713 1165 1744 dimitt.
1183 1714 1336 1750 tenetur3
1356 1722 1433 1744 cum
1451 1713 1602 1752 dispens.
1625 1716 1661 1744 ut
1682 1712 1856 1753 praefatam
1881 1711 2139 1752 praeposituram
2164 1719 2242 1742 cum
2258 1718 2378 1742 canon.

774 1768 853 1799 eccl.
872 1767 1031 1798 Tolosan.
1047 1767 1191 1798 retinere
1208 1767 1328 1798 valeat.
1349 1784 1387 1790 -
1398 1767 1425 1798 Ι.
1442 1776 1470 1799 e.
1485 1775 1531 1798 m.
1548 1766 1674 1798 archid.
1693 1766 1902 1806 Villaelongae
1917 1765 2092 1802 Tolosan„
2108 1765 2141 1796 et
2156 1765 2282 1796 decano
2294 1763 2382 1795 Bur-

774 1821 938 1860 degalen.‚
958 1830 993 1851 ac
1009 1820 1195 1851 Guillelmo
1212 1820 1353 1858 Calvet-i,
1375 1829 1447 1852 can.
1473 1820 1608 1851 Albien.
1627 1820 1708 1851 eccl.
1727 1819 1778 1860 (A.
1799 1821 1848 1858 16,
1869 1819 1891 1850 f.
1913 1820 1971 1850 152
1986 1823 2019 1856 ⁸3
2041 1818 2077 1851 V.
2095 1819 2146 1855 73,
2165 1826 2218 1858 ep.
2234 1816 2320 1858 367.)

822 1872 837 1902 1
849 1871 954 1902 4929.
980 1892 1016 1896 —-
1032 1874 1158 1905 Indult.
1174 1873 1358 1914 Marqaretae
1377 1874 1490 1914 reqinae
1507 1873 1619 1904 Svetiae
1634 1874 1670 1905 ut
1688 1874 1756 1905 tres
1772 1873 1867 1911 cler„
1885 1873 1996 1912 ipsius
2013 1872 2122 1903 famil.
2137 1873 2170 1903 et
2185 1870 2378 1909 domestici,

775 1928 848 1967 ejus
865 1927 1039 1967 obsequiis
1056 1929 1112 1958 aut
1130 1928 1266 1959 scolast.
1286 1927 1481 1967 disciplinis
1497 1927 1699 1959 insistentes
1715 1927 1749 1958 in
1772 1927 1885 1958 studio
1900 1925 2062 1966 generali,
2078 1925 2210 1957 fructus
2225 1923 2380 1956 omnium

775 1981 884 2012 benef.
905 1990 1042 2012 suorum
1060 1980 1188 2021 absque
1205 1981 1391 2013 residentia
1408 1981 1451 2012 ad
1464 1981 1651 2012 triennium
1664 1981 1838 2020 percipere
1851 1980 1998 2011 valeant.
2015 1997 2055 2001 —
2067 1979 2094 2010 Ι.
2115 1987 2146 2010 e.
2161 1987 2206 2010 m.
2223 1977 2377 2010 Lunden.

775 2037 807 2066 et
824 2035 984 2073 Upsalen.
1006 2034 1199 2074 archiepis,
1220 2044 1257 2066 ac
1276 2043 1352 2074 ep.o
1369 2035 1541 2067 Ottonien.
1561 2034 1614 2075 (A.
1633 2035 1682 2072 16,
1703 2034 1724 2065 f.
1747 2035 1806 2066 280
1825 2039 1854 2071 8;
1879 2033 1914 2065 V.
1932 2034 1981 2071 73,
2001 2041 2054 2073 ep.
2071 2031 2158 2071 448.)

822 2085 953 2116 14930.
975 2105 1013 2110 -
1027 2088 1141 2118 ¹loanni
1162 2087 1242 2118 Foot
1257 2088 1370 2119 collat.
1390 2097 1509 2120 canon.
1529 2089 1562 2119 et
1577 2088 1680 2128 praeb.
1701 2087 1781 2119 eccl.
1798 2086 2043 2127 Hamburgen„
2062 2087 2219 2117 Bremen.
2239 2084 2300 2122 di.,
2319 2092 2380 2124 per

776 2141 856 2172 obit.
879 2150 964 2181 mag.
983 2142 1002 2172 J
1006 2141 1125 2172 oannis
1141 2141 1181 2172 de
1195 2141 1489 2182 Lattekenborghe
1503 2141 1593 2180 apud
1606 2141 1640 2173 S.
1663 2142 1704 2173 A.
1731 2141 1883 2172 defuncti
1899 2149 1970 2172 vac.
1984 2150 1994 2177 ;
2022 2148 2090 2171 non
2111 2138 2199 2170 obst.
2218 2137 2310 2179 quod
2323 2146 2380 2178 pa-

775 2195 865 2226 roch.
881 2195 961 2226 ecel.
980 2196 1124 2232 Morum,
1143 2195 1301 2226 Arosien.
1318 2195 1378 2233 di.,
1394 2195 1556 2232 obtineat,
1573 2196 1606 2226 et
1620 2195 1661 2226 de
1675 2203 1791 2226 canon.
1812 2203 1849 2226 ac
1860 2193 1963 2234 praeb.
1981 2202 2054 2225 vac.
2066 2193 2102 2224 in
2110 2193 2190 2224 eccl.
2206 2193 2380 2228 Bremen.,

775 2258 917 2288 quorum
934 2248 1083 2279 nondum
1097 2249 1148 2279 est
1163 2248 1419 2288 possessionem
1435 2249 1590 2288 adeptus,
1615 2257 1675 2287 per
1693 2248 1902 2288 archiep.um
1927 2248 2084 2278 Bremen.
2109 2245 2177 2286 ipsi
2200 2245 2245 2277 sit
2267 2245 2381 2285 provi-.-

777 2311 864 2333 sum.
883 2320 918 2324 —
937 2303 960 2332 I.
982 2311 1010 2332 e.
1030 2311 1074 2332 m.
1092 2301 1167 2333 abb.
1188 2303 1335 2333 monast.
1355 2311 1382 2333 s.
1399 2302 1479 2342 Syri
1495 2302 1655 2339 Januen,
1673 2303 1705 2333 et
1724 2311 1828 2342 praep.
1848 2301 2096 2341 Razeburgen„
2113 2308 2150 2331 ac
2167 2299 2293 2330 decano
2311 2299 2379 2330 Lu-

776 2356 884 2386 bicen.
902 2356 981 2386 eccl.
1000 2355 1053 2395 (Α.
1075 2357 1123 2392 16,
1143 2355 1165 2386 f.
1185 2356 1244 2387 343
1261 2360 1291 2392 ²5
1315 2355 1349 2386 V.
1368 2357 1417 2391 73,
1435 2364 1488 2395 ep.
1509 2355 1592 2395 477.)

825 2406 959 2438 14931.
977 2427 1015 2431 -
1039 2409 1207 2448 Arclziep.o
1232 2409 1432 2440 Tarraconen.
1455 2410 1568 2439 mand.
1593 2410 1630 2439 ut
1660 2408 1814 2440 absolvat
1836 2407 2000 2439 Jacobum
2025 2407 2136 2438 filium
2155 2404 2273 2438 Jacobi
2288 2404 2380 2446 regis

778 2461 970 2501 Aragonum
988 2471 1007 2492 a
1024 2461 1277 2501 trangressione
1294 2462 1364 2492 voti
1381 2463 1413 2492 et
1428 2461 1614 2501 juramenti
1638 2461 1763 2500 quibus
1787 2461 1993 2500 promiserat
2014 2460 2114 2500 quod,
2133 2459 2164 2490 si
2178 2459 2292 2498 ipsum
2308 2457 2380 2490 ullo

775 2524 925 2554 unquam
941 2517 1093 2554 tempore
1109 2515 1309 2555 religionem
1327 2515 1458 2555 ingredi
1472 2507 1692 2555 contingeret,
1708 2514 1779 2546 ord.
1797 2514 1938 2546 Cisterc.
1958 2514 2101 2544 intraret
2118 2512 2154 2543 in
2172 2512 2317 2543 monast.
2330 2519 2378 2543 ss.

776 2568 932 2605 crucum,
944 2569 1168 2599 Terraconen.
1181 2568 1226 2599 di.
1238 2578 1247 2606 ;
1260 2577 1405 2608 eumque
1415 2568 1591 2608 dispenset
1601 2569 1638 2599 ut
1649 2568 1683 2599 in
1697 2567 1768 2599 ord.
1781 2567 2006 2604 Calatraven.,
2020 2566 2062 2598 ad
2073 2574 2174 2606 quem
2185 2574 2202 2597 e
2214 2565 2379 2605 religione

775 2621 955 2660 hospitalis
965 2630 992 2652 s.
1001 2622 1022 2652 J
1024 2622 1144 2653 oannis
1152 2623 1171 2653 J
1175 2621 1423 2653 erosolimitani
1435 2630 1471 2652 se
1483 2621 1671 2659 transtulit,
1685 2621 1777 2652 licite
1788 2621 1897 2652 valeat
1909 2628 2096 2652 remanere.
2111 2619 2162 2660 (A.
2177 2620 2226 2655 16,
2239 2618 2263 2650 f.
2276 2620 2336 2650 325
2348 2623 2377 2656 ⁸3

783 2673 815 2704 V.
833 2676 883 2711 73,
900 2683 952 2714 ep.
971 2675 1057 2714 627.)

823 2724 956 2756 14932.
978 2745 1015 2750 -
1038 2727 1115 2758 Eid.
1134 2728 1245 2760 mand.
1262 2730 1299 2759 ut
1315 2728 1470 2760 absolvat
1481 2729 1798 2760 retromemoratum
1809 2727 1975 2759 Jacobum
1991 2736 2093 2767 super
2105 2725 2379 2766 transgressione

777 2780 845 2811 voti
864 2789 924 2820 per
941 2781 1053 2820 ipsum
1072 2781 1191 2813 emissi
1211 2782 1252 2813 de
1269 2791 1336 2813 non
1360 2782 1548 2813 recedendo
1566 2790 1583 2813 e
1607 2782 1753 2813 monast.
1780 2790 1826 2812 ss.
1850 2781 1998 2813 Crucum
2020 2781 2243 2812 Terraconen.
2263 2779 2323 2816 di.,
2343 2778 2379 2809 in

776 2841 842 2873 quo
861 2835 940 2865 tunc
956 2835 1121 2874 temporis
1137 2835 1345 2866 morabatur.
1365 2836 1418 2876 (A.
1443 2837 1493 2873 16,
1511 2835 1534 2866 f.
1554 2836 1614 2867 325
1630 2835 1659 2872 b;
1683 2835 1718 2866 V.
1738 2837 1787 2871 73,
1806 2843 1858 2874 ep.
1877 2835 1962 2873 628.)

823 2883 956 2915 14933.
975 2904 1011 2909 -
1039 2887 1210 2918 Praedictus
1236 2888 1368 2919 Jacobus
1391 2889 1609 2929 dispensatur
1629 2888 1670 2920 de
1689 2889 1767 2920 voto
1791 2888 1919 2919 emisso
1935 2886 2082 2927 eligendi
2106 2886 2318 2926 sepulturam
2342 2885 2379 2916 in

775 2939 914 2977 praefato
929 2942 1073 2971 monast.
1087 2949 1133 2971 ss.
1150 2941 1307 2976 emaum,
1324 2951 1399 2973 cum
1413 2942 1511 2973 facul.
1526 2942 1621 2973 illam
1637 2941 1785 2982 eligendi
1795 2942 1830 2972 in
1844 2949 2056 2981 quocumque
2066 2940 2141 2971 loco
2156 2939 2378 2979 magistratus

775 2994 920 3023 monast.
939 2993 980 3024 de
996 2993 1160 3031 Montesa,
1179 2995 1250 3025 ord.
1272 2995 1486 3026 Calatraven.
1507 2995 1558 3033 (Α.
1586 2997 1634 3033 16,
1655 2995 1677 3026 f.
1697 2996 1756 3027 325
1775 2994 1805 3032 ¹³3
1829 2994 1864 3026 V.
1885 2997 1936 3032 73,
1954 3003 2006 3034 ep.
2026 2992 2114 3033 629.)
