2592 3528
388 310 426 339 74

421 396 524 423 Datum
543 389 726 424 Avenione.

391 498 427 526 u
446 500 478 533 (11
498 497 548 532 id.)
569 500 651 524 mart.
670 495 757 524 ⁴322.

521 542 551 569 T.
568 541 625 569 XII.

538 660 574 688 Ut
593 669 615 687 s.

518 705 550 733 T.
570 704 628 731 XII.

532 771 567 798 Ut
587 778 611 798 s.

408 830 444 857 15
462 829 526 864 (id.)
549 831 631 855 mart.
655 826 742 854 1322.

511 873 542 900 Τ.
563 872 631 899 XVI.

532 1044 566 1071 Ut
582 1052 605 1070 s.

476 1089 505 1116 T.
525 1089 570 1117 xl.
585 1087 656 1114 XIII.

531 1261 566 1289 Ut
585 1269 609 1288 s.

497 1306 528 1332 Τ.
545 1305 639 1333 XXIV.

526 1693 561 1720 Ut
576 1701 599 1720 s.

503 1738 533 1764 T.
553 1738 622 1765 XVI.

525 1910 560 1938 Ut
576 1919 599 1938 s.

523 2128 558 2156 Ut
578 2137 601 2155 s.

513 2173 542 2200 T.
559 2174 614 2200 XX.

524 2452 559 2480 Ut
576 2461 598 2479 s.

508 2497 538 2523 T.
558 2497 613 2525 XL.

440 2562 477 2589 16
492 2566 575 2590 mart.
598 2562 684 2591 1322.

443 2608 520 2642 (xvu
533 2607 592 2634 kal.
606 2608 682 2643 apr.)

463 2651 494 2678 Τ.
516 2651 563 2685 XI,
583 2652 654 2679 x111.

523 2727 560 2755 Ut
580 2736 603 2755 S.

497 2772 527 2799 T.
549 2773 627 2800 XXX.

790 303 963 335 JOANNIS
987 303 1105 334 PAPAE
1127 302 1229 333 XXII.
1253 302 1501 342 (1316-1334).
1523 318 1561 323 -
1585 299 1771 330 LITTERAE
1794 298 2019 330 COMMUNES

861 491 994 523 15207.
1014 511 1048 516 --
1065 491 1327 524 Testimoniales
1343 490 1530 521 consecrat.
1548 488 1662 519 ιΙιιι·οΙιο
1676 498 1746 530 ep.o
1761 488 1886 520 Osilien.
1904 488 2068 529 impensae
2084 497 2104 522 a
2115 489 2321 530 Berengario
2338 499 2415 532 ep.o

815 548 973 579 Portuen.
994 555 1069 577 cum
1093 545 1230 576 licentia
1248 542 1423 575 recedendi
1447 551 1465 574 e
1490 542 1595 573 curia.
1613 542 1667 582 (A.
1691 543 1740 579 16,
1760 541 1782 572 s.
1809 543 1869 574 316
1888 547 1919 578 ·;
1952 541 1985 573 V.
2012 543 2063 579 73,
2088 551 2141 583 ep.
2159 543 2236 581 5832
2256 543 2413 582 Theiner‚

814 601 1011 632 Monumenta
1026 599 1170 629 historica
1187 597 1333 633 Poloniae,
1351 598 1373 628 t.
1392 596 1418 631 Ι,
1436 604 1468 635 p.
1489 597 1558 630 175,
1575 596 1648 627 doc.
1668 595 1840 635 CCLXV.)

860 655 994 686 15208.
1013 675 1049 680 -
1067 657 1166 687 Cone.
1186 655 1275 685 idem
1293 653 1391 684 Paulo
1408 662 1476 694 ep.o
1496 652 1663 684 Curonien.
1679 653 1733 691 (A.
1752 655 1801 690 16,
1818 653 1842 685 f.
1859 655 1919 686 317
1934 659 1964 692 ⁸5
1987 653 2022 685 V.
2041 655 2091 692 73,
2111 662 2164 694 ep.
2180 655 2240 686 587
2253 654 2301 692 A;
2317 655 2414 688 Thei-

815 720 885 747 ner,
902 715 934 740 ut
950 721 987 747 s.,
1003 719 1035 750 p.
1055 711 1125 744 172,
1142 709 1213 739 doc.
1231 707 1422 745 CCLXIII.)

860 765 994 798 15209.
1014 785 1050 790 -
1066 765 1229 806 Radulpho
1243 775 1312 805 ep.o
1330 764 1542 795 Pomeram'en.
1562 764 1677 796 omnia
1691 765 1728 796 ut
1743 773 1771 795 s.
1785 764 1839 806 (A.
1858 766 1905 803 16,
1920 764 1944 796 f.
1963 766 2022 796 317
2037 764 2072 801 ¹³:
2097 764 2130 796 V.
2149 767 2200 803 73,
2217 774 2270 806 ep.
2288 766 2348 798 587
2361 765 2416 807 Β.)

860 823 995 856 15210.
1013 841 1052 847 -
1070 823 1231 855 Guillelmo
1245 832 1314 863 ep.o
1331 822 1493 860 Sabinou„
1508 822 1548 853 Α.
1566 821 1599 854 S.
1617 822 1739 863 legato,
1755 823 1869 854 mand.
1882 824 1920 855 ut
1933 822 2109 863 dispenset
2123 823 2339 864 Alphonsum
2353 823 2414 856 Mi-

814 879 949 915 chaelis,
968 877 1114 917 priorem
1132 877 1165 907 et
1186 885 1260 907 can.
1280 875 1360 907 eccl.
1379 875 1577 916 Legionen..
1594 883 1697 915 super
1717 875 1968 916 irregularitate
1986 875 2123 908 incursa
2144 884 2187 908 ex
2205 885 2245 909 ec
2262 877 2354 918 quod
2363 885 2416 909 se-

814 933 878 964 mel
896 932 1011 962 divina
1027 930 1138 961 officia
1154 929 1188 960 in
1203 929 1292 959 dicta
1311 928 1391 960 eccl.
1414 930 1494 959 tunc
1511 928 1691 960 interdicto
1708 929 1887 969 supposita
1905 931 1938 960 et
1956 929 2078 961 deinde
2095 930 2130 961 in
2147 929 2226 961 aliis
2241 930 2322 962 eccl.
2347 938 2415 962 non

813 983 1002 1014 interdictis
1017 983 1133 1022 sepius
1149 982 1242 1013 nulla
1257 981 1409 1021 dispens.
1425 981 1563 1013 obtenta
1577 981 1771 1014 celebravit.
1792 982 1845 1020 (A.
1863 983 1913 1019 16,
1930 982 1952 1013 f.
1969 983 2024 1014 361
2046 987 2074 1019 ¹3
2095 981 2129 1013 V.
2148 984 2198 1020 73,
2213 991 2266 1024 ep.
2279 985 2365 1023 549.)

858 1038 951 1070 1521
963 1038 994 1069 1.
1014 1058 1051 1062 -
1069 1040 1190 1072 Collat.
1215 1048 1334 1071 canon.
1352 1039 1415 1070 sub
1435 1048 1532 1079 exsp.
1554 1039 1657 1079 praeb.
1681 1039 1763 1071 eccl.
1782 1048 1810 1071 s.
1829 1040 2007 1072 Laurentii
2021 1040 2208 1073 Florentia.
2237 1041 2327 1072 Porae
2345 1040 2413 1082 filio

810 1094 906 1134 Lippi
917 1093 952 1124 de
969 1093 1102 1125 Collina.
1123 1110 1162 1115 —
1174 1093 1200 1124 I.
1220 1102 1250 1124 e.
1268 1102 1312 1124 m.
1330 1101 1418 1133 mag.
1436 1093 1559 1124 Joanni
1576 1093 1618 1124 de
1631 1093 1781 1130 Verulis,
1801 1102 1874 1125 can.
1896 1093 2047 1126 basilicae
2061 1094 2230 1135 principis
2244 1095 2415 1135 apostolo·

810 1156 885 1178 rum
915 1147 955 1178 de
983 1147 1088 1184 Urbe,
1115 1147 1182 1177 PP.
1209 1147 1292 1184 not„
1322 1155 1359 1178 ac
1376 1146 1482 1186 priori
1501 1155 1529 1178 S.
1550 1146 1714 1186 Stephani
1732 1146 1774 1178 ad
1790 1148 1929 1187 pontem
1946 1147 2149 1184 Florentia..
2163 1148 2196 1180 et
2209 1156 2313 1189 praep.
2330 1148 2412 1181 eccl.

810 1201 996 1232 Florentin.
1015 1200 1070 1241 (A.
1095 1202 1144 1238 16,
1172 1199 1196 1230 f.
1220 1201 1279 1231 385
1295 1205 1328 1236 ⁸3
1353 1199 1386 1231 V.
1402 1201 1452 1237 73,
1471 1208 1524 1240 ep.
1544 1199 1631 1240 576.)

856 1256 987 1287 15212.
1008 1276 1046 1280 -
1062 1258 1144 1298 Epo
1166 1257 1307 1289 Fesulan.
1326 1258 1439 1289 mand.
1456 1259 1494 1289 ut
1506 1257 1662 1289 absolvat
1674 1258 1846 1298 Scarpam,
1866 1257 1976 1289 filium
1991 1258 2162 1299 Raynaldi
2178 1259 2413 1301 Lothoringhi‚

809 1313 849 1344 de
867 1312 1052 1348 Florentia,
1073 1312 1140 1343 PP.
1162 1311 1269 1343 famil.
1288 1313 1321 1343 et
1337 1311 1488 1352 priorem
1506 1311 1619 1343 saecul.
1644 1311 1725 1343 eccl.
1744 1320 1773 1343 s.
1794 1311 1956 1352 Stephani
1972 1312 2015 1343 ad
2032 1313 2170 1352 pontem
2185 1312 2374 1346 Florentin.
2393 1321 2414 1346 a.

804 1366 997 1406 juramento
1008 1365 1161 1405 praestito
1173 1365 1213 1396 de
1231 1364 1455 1396 observandis
1471 1364 1579 1404 ejusd.
1593 1365 1674 1396 eccl.
1694 1365 1843 1403 statutis,
1859 1366 1940 1396 tunc
1955 1365 2023 1406 ipsi
2034 1374 2102 1397 non
2111 1366 2271 1404 ostensis,
2286 1365 2413 1407 quibus

809 1419 970 1451 statuitur
988 1419 1078 1459 quod
1091 1418 1218 1458 singuli
1233 1418 1386 1450 canonici
1404 1418 1514 1458 eJusd.
1533 1418 1629 1456 eccl„
1648 1418 1864 1457 v‘dumtaxat
1880 1427 2022 1451 numero
2037 1419 2237 1458 existentes,
2254 1419 2413 1461 idemque

808 1472 900 1512 prior
927 1472 1235 1503 subcamerariatus
1253 1471 1390 1503 nomine
1413 1471 1502 1502 bona
1529 1474 1562 1502 et
1577 1471 1732 1503 redditus
1748 1471 1829 1503 eccl.
1848 1473 2043 1503 memoratae
2056 1472 2211 1504 vicissim
2226 1473 2325 1504 annis
2342 1473 2414 1504 sin-

807 1526 896 1565 gulis
914 1526 1166 1563 administrant,
1183 1526 1322 1565 propter
1335 1526 1427 1565 quod
1444 1525 1510 1556 eid.
1527 1524 1660 1564 Scarpae
1675 1524 1869 1556 administr.
1886 1524 1996 1556 libera
2010 1525 2162 1557 eorumd.
2178 1525 2347 1558 bonorum
2359 1527 2412 1558 est

808 1580 944 1619 penitus
972 1579 1153 1610 interdicta
1183 1579 1370 1619 eademque
1396 1578 1485 1610 bona
1511 1578 1680 1610 inutiliter
1705 1578 1952 1610 distrahuntur.
1974 1578 2029 1619 (A.
2061 1579 2233 1627 16,·12385
2250 1584 2283 1617 ¹3
2307 1579 2343 1612 V.
2359 1581 2410 1617 73,

808 1642 859 1672 ep.
881 1635 967 1673 577.)

853 1688 988 1720 15213.
1008 1709 1047 1713 -
1063 1690 1179 1722 Joanni
1192 1690 1273 1721 dicto
1285 1690 1424 1728 Esselen,
1442 1690 1566 1722 scolari
1582 1690 1811 1727 Cameracen.,
1828 1690 1869 1721 de
1883 1690 2007 1730 quond.
2025 1691 2156 1722 Joanne
2169 1690 2254 1722 duce
2264 1690 2410 1723 Braban·

807 1745 861 1776 tiae
878 1745 1054 1784 conjugato
1071 1746 1102 1776 et
1121 1745 1267 1784 quadam
1284 1752 1399 1775 sorore
1417 1743 1593 1783 cujusdam
1617 1743 1798 1783 hospitalis
1823 1743 1979 1783 professa
2000 1743 2126 1784 genito,
2146 1752 2240 1775 conc.
2257 1743 2410 1784 dispens.

807 1807 908 1838 super
922 1799 1054 1829 defectu
1071 1798 1236 1830 natalium
1249 1798 1290 1829 ad
1306 1806 1424 1829 omnes
1439 1797 1579 1829 ordines
1597 1798 1630 1828 et
1646 1796 1757 1828 benef.
1785 1797 1889 1828 etiam
1907 1806 1934 1828 c.
1962 1805 1991 1828 c.
2017 1796 2250 1829 obtinendum.
2277 1797 2332 1839 (A.
2358 1797 2410 1836 17,

806 1852 828 1883 s.
848 1854 905 1883 146
920 1851 949 1888 b;
974 1851 1006 1882 V.
1022 1853 1071 1887 73,
1089 1860 1141 1891 ep.
1160 1851 1247 1891 915.)

852 1907 986 1939 15214.
1004 1927 1042 1932 -
1056 1908 1211 1940 Rainaldo
1226 1909 1262 1939 de
1275 1919 1299 1940 s.
1317 1908 1490 1946 Artkemia,
1511 1908 1644 1939 thesaur.
1662 1907 1733 1939 eccl.
1752 1908 1945 1946 Noviomen.,
1962 1908 2075 1938 rectori
2089 1908 2218 1939 ducatus
2230 1907 2408 1950 Spoletan„

805 1964 917 1994 mand.
936 1965 971 1994 ut
989 1964 1074 1994 fines
1089 1972 1156 1994 non
1173 1963 1313 1994 excedat
1333 1962 1539 2000 litterarum,
1552 1971 1613 2002 per
1629 1970 1714 2001 quas
1728 1962 1796 2001 ipsi
1817 1962 2041 2002 cognoscendi
2059 1961 2100 1993 de
2113 1961 2314 1994 excessibus
2325 1971 2409 2003 proe-

805 2017 952 2048 latorum
970 2016 1051 2048 dicti
1069 2017 1213 2048 ducatus
1231 2016 1333 2047 facul.
1353 2024 1460 2053 conc.,
1477 2015 1626 2047 instante
1650 2015 1811 2047 Bartholo
1827 2024 1903 2055 ep.o
1919 2015 2091 2055 Spoletan.
2109 2015 2164 2056 (A.
2185 2017 2235 2052 17,
2257 2015 2281 2047 f.
2301 2017 2359 2048 166
2373 2015 2406 2053 ¹⁸5

810 2070 845 2101 V.
863 2073 913 2107 73,
931 2079 983 2110 ep.
1000 2071 1085 2109 993.)

852 2126 985 2158 15215.
1003 2146 1040 2151 —
1055 2127 1132 2158 Eid.
1153 2128 1265 2159 mand.
1283 2129 1320 2159 ut
1333 2126 1494 2159 Bartholo
1510 2135 1586 2166 ep.o
1602 2126 1773 2167 Spoletan.
1794 2126 1953 2158 restituat
1969 2127 2083 2158 omnia
2094 2125 2184 2158 bona
2199 2135 2274 2167 quae
2291 2126 2325 2159 h.
2340 2135 2406 2160 me.

804 2183 925 2213 Petrus
942 2191 1040 2222 ep.us
1059 2181 1231 2221 Spoletan.
1250 2181 1285 2212 in
1301 2181 1381 2212 eccl.
1395 2180 1566 2220 Spoletan.
1583 2180 1769 2217 invenerat,
1786 2181 1819 2211 et
1835 2179 1903 2211 alia
1920 2180 1961 2211 ad
1984 2180 2094 2212 eamd.
2111 2180 2191 2212 eccl.
2206 2180 2405 2220 spectantia,

804 2244 944 2275 quaeque
961 2236 1002 2267 R.
1021 2235 1059 2266 E.
1082 2235 1218 2266 nomine
1238 2234 1399 2266 arrestari
1418 2234 1544 2265 fecerat
1562 2235 1729 2274 praetextu
1745 2233 1811 2265 litt.
1824 2235 1947 2273 apost„
1965 2242 1987 2264 v
2002 2233 2047 2264 id.
2060 2233 2146 2265 febr.
2163 2242 2193 2266 a.
2211 2237 2259 2265 iv·
2271 2233 2408 2274 expedi-

802 2291 927 2326 tarum,
952 2288 1076 2328 quibus
1102 2288 1262 2319 Pontifex
1280 2288 1311 2319 ei
1331 2287 1549 2318 commiserat
1566 2286 1858 2326 recuperationem
1877 2286 2102 2327 quorumdam
2126 2286 2294 2318 bonorum
2309 2287 2352 2318 ad
2366 2286 2407 2319 E.

802 2342 843 2373 R.
861 2342 1099 2382 spectantium,
1117 2350 1262 2381 quorum
1276 2341 1387 2372 dictus
1403 2341 1526 2372 Petrus
1541 2349 1639 2380 epus
1655 2340 1849 2371 administr.
1865 2341 2018 2380 gesserat
2033 2348 2094 2371 nec
2110 2340 2151 2372 de
2167 2339 2239 2371 illis
2255 2340 2409 2372 reddide-

802 2397 854 2426 rat
871 2396 1048 2426 rationem.
1067 2395 1121 2435 (A.
1141 2396 1189 2432 17,
1208 2394 1230 2425 f.
1246 2396 1303 2426 166
1323 2394 1356 2428 ¹>;
1383 2393 1415 2425 V.
1434 2396 1484 2431 73,
1501 2402 1553 2433 ep.
1570 2394 1656 2433 997.)

848 2451 981 2482 15216.
998 2471 1038 2476 -
1055 2452 1180 2489 Senem,
1195 2452 1338 2483 Perusin.
1356 2457 1385 2481 et
1397 2451 1541 2482 Fesulan.
1559 2451 1620 2492 ep.i
1634 2451 1758 2482 dantur
1775 2452 1811 2482 ut
1823 2450 1956 2491 judices
1972 2452 2229 2482 conservatores
2245 2450 2405 2483 Bartholo

802 2515 876 2546 ep.o
892 2507 1063 2546 Spoletan.
1088 2506 1140 2547 (A.
1162 2508 1209 2543 16,
1227 2505 1250 2536 f.
1269 2507 1328 2537 211
1344 2505 1379 2542 b;
1406 2504 1435 2535 V.
1449 2507 1499 2541 73,
1512 2513 1565 2544 ep.
1585 2505 1688 2543 1483.)

846 2562 980 2593 15217.
1000 2582 1039 2587 -
1055 2563 1176 2596 Collat.
1195 2571 1313 2594 canon.
1334 2562 1396 2594 sub
1416 2571 1511 2602 exsp.
1530 2561 1631 2602 praeb.
1653 2562 1734 2594 eccl.
1751 2570 1779 2593 s.
1798 2561 1940 2593 Paulis.
1957 2561 2138 2602 Dionysio,
2157 2561 2324 2594 Parisien.
2341 2561 2403 2599 di..

800 2617 906 2649 Boleto
921 2618 957 2648 de
972 2628 996 2650 s.
1015 2617 1172 2658 Dionysio.
1194 2635 1232 2640 —
1249 2617 1274 2647 Ι.
1291 2625 1319 2647 e.
1339 2625 1383 2647 m.
1402 2624 1478 2655 ep.o
1498 2616 1638 2653 Lucan,
1656 2617 1689 2647 et
1710 2615 1838 2647 decano
1853 2615 2039 2652 Turonen„
2057 2623 2096 2646 ac
2113 2615 2213 2647 Petro
2229 2615 2270 2647 de
2286 2615 2406 2648 Claro-

801 2672 926 2706 monte,
947 2680 1020 2702 can.
1038 2671 1258 2702 Aurelianen.
1276 2670 1356 2701 eccl.
1373 2670 1426 2710 (A.
1446 2671 1495 2704 16,
1514 2669 1536 2699 f.
1556 2670 1615 2700 373
1635 2674 1649 2690 ⁸
1665 2678 1673 2706 ;
1702 2668 1736 2700 V.
1751 2670 1801 2705 73,
1815 2676 1867 2708 ep..
1884 2668 1972 2707 653.)

847 2726 981 2759 15218.
1000 2746 1038 2751 -
1054 2728 1171 2760 Facul.
1197 2728 1353 2768 archiepo
1383 2727 1411 2757 Τ
1409 2727 1594 2758 arantasien.
1627 2735 1789 2758 concessa
1817 2726 2004 2766 recipiendi
2030 2725 2092 2758 hac
2110 2726 2183 2758 vice
2203 2726 2364 2767 resignat.
2384 2735 2415 2765 a,

800 2782 1006 2820 Percevallo,
1026 2782 1098 2813 filio
1114 2791 1146 2814 n.
1164 2791 1197 2812 v.
1214 2781 1379 2812 Anthonii
1401 2780 1472 2811 d.ni
1494 2780 1535 2812 de
1560 2781 1660 2820 Barg,
1687 2779 1876 2811 faciendam
1903 2780 1944 2811 de
1961 2788 2080 2811 canon.
2097 2780 2131 2811 et
2146 2779 2248 2819 praeb.
2265 2788 2352 2820 quos
2366 2779 2404 2811 in

799 2836 986 2875 Maguntin.
1005 2837 1038 2866 et
1052 2844 1080 2866 s.
1098 2835 1189 2866 Petri
1205 2836 1302 2866 extra
1319 2842 1436 2866 muros
1451 2833 1638 2873 Maguntin.
1658 2833 1754 2870 eccl„
1772 2841 1902 2864 necnon
1917 2833 1958 2864 de
1978 2833 2060 2864 eccl.
2079 2841 2108 2864 s.
2125 2833 2292 2865 Bernardi
2307 2833 2404 2864 extra

800 2897 915 2919 muros
928 2889 1112 2920 Taurinou.
1126 2897 1228 2928 quam
1240 2888 1381 2923 obtinet,
1394 2887 1541 2927 illosque
1553 2895 1642 2927 pers.
1655 2886 1721 2926 ipsi
1733 2886 1906 2918 benevisis
1918 2886 2124 2918 conferendi.
2137 2886 2190 2925 (A.
2205 2888 2253 2924 16,
2270 2886 2291 2917 f.
2303 2887 2363 2918 376
2371 2891 2385 2907 ⁸
2390 2894 2401 2922 ;

808 2941 838 2972 V.
854 2943 904 2978 73,
923 2950 975 2981 ep.
996 2942 1082 2979 661.)
