2592 3528
253 407 357 434 Datum
376 399 563 434 Avenione.

290 507 332 535 22
345 511 416 543 sept.
434 506 522 535 1321.

307 552 338 585 (x
354 551 414 579 kal.
435 550 506 583 oct.)

365 612 400 640 Ut
420 620 444 640 s.

364 771 401 799 Ut
418 779 442 799 s.

312 815 343 844 T.
363 815 409 848 XI,
427 815 498 844 XIII.

358 1518 392 1545 Ut
412 1526 435 1546 s.

295 2104 331 2132 Ut
351 2114 374 2133 s.
390 2121 424 2126 -
441 2107 489 2134 Gr.

351 2319 384 2347 Ut
401 2328 424 2346 s.

331 2363 362 2391 T.
388 2363 446 2392 XX.

350 2639 385 2667 Ut
405 2647 428 2667 3.

336 2682 366 2710 Τ.
385 2683 440 2710 ΧΧ.

352 2904 388 2931 Ut
404 2912 428 2931 s.

305 2946 335 2974 T.
349 2947 470 2976 XXVIII.

619 311 794 343 JOANNIS
817 311 936 342 PAPAE
958 311 1060 342 XXII.
1085 313 1335 352 (1316-1334).
1360 330 1399 336 —-
1421 314 1607 345 LITTERAE
1630 314 1856 347 COMMUNES
2236 323 2253 351 7

696 500 830 534 14469.
852 523 890 528 -
912 503 952 534 Ν.
967 514 997 534 υ.
1023 503 1203 542 Wladislao,
1229 504 1312 541 duci,
1340 509 1369 535 et
1389 515 1421 536 n.
1445 515 1485 535 m.
1508 504 1690 545 E’ffrosinae,
1718 505 1843 536 ducissa
1858 506 2063 547 [Oswecinen.,
2087 510 2250 550 indulget.

649 557 694 588 id.
713 557 764 596 (V.
783 559 832 593 73,
850 566 902 597 ep,
921 559 997 594 2193
1015 557 1173 595 Theiner‚
1193 557 1391 588 Monumenta
1405 557 1554 588 historica
1568 557 1716 595 Poloniae‚
1733 561 1757 590 t.
1775 559 1801 595 Ι,
1820 568 1853 599 p.
1871 562 1940 598 170,
1957 562 2029 592 doc.
2051 563 2213 602 CCLIX.)

694 608 829 640 14470.
848 629 887 634 -
905 610 1050 651 Hedwiqi
1065 611 1179 651 reqinae
1193 610 1331 641 Polom‘ae
1348 611 1469 642 induit.
1485 611 1698 651 ingrediendi
1715 621 1742 643 s.
1761 613 1868 644 Clarae
1883 613 2055 646 Gneznen.
2073 617 2105 646 et
2116 616 2157 647 de
2172 616 2252 648 San-

647 663 703 695 det
729 666 874 696 monast.
891 664 1106 701 monialium,
1124 664 1196 695 ord.
1224 664 1332 704 ejusd.
1350 665 1485 701 sanctae,
1503 664 1698 696 Cracovien.
1727 665 1786 700 di.,
1804 675 1881 697 cum
1909 667 2040 699 decenti
2067 669 2251 701 mulierum

646 717 818 749 comitiva.
840 717 894 757 (V.
912 720 961 755 73,
981 726 1033 756 ep.
1051 718 1130 753 220;
1151 717 1308 754 Theiner,
1328 727 1378 758 op.
1398 718 1464 755 cit„
1481 720 1505 749 t.
1524 718 1551 755 Ι,
1570 727 1603 758 p.
1622 720 1690 755 169,
1711 718 1782 750 doc.
1800 719 1991 759 CCLVIII.)

692 767 826 801 14471.
845 789 883 794 -
903 770 1026 802 Collat.
1044 779 1163 802 canon.
1187 770 1251 802 sub
1269 779 1364 810 exsp.
1382 771 1487 811 praeb.
1505 771 1586 802 eccl.
1606 772 1764 803 Parmen.
1782 772 1911 803 Nicolao
1929 773 1966 804 de
1981 774 2180 813 Marzolarz‘a,
2199 785 2251 807 ar-

646 823 751 864 chipr.
769 824 880 864 plebis
897 824 937 855 de
954 823 1127 860 Bondeno‚
1144 824 1335 855 Ferrarien.
1354 825 1399 855 di.
1416 843 1453 848 -
1466 824 1493 855 I.
1511 833 1540 856 e.
1559 834 1604 855 m.
1622 834 1649 856 3.
1664 826 1807 856 Joannis
1823 826 1978 858 Parmen.
1996 829 2028 858 et
2047 836 2074 858 s.
2090 828 2251 868 Stephani

645 878 831 909 Bononien.
853 879 996 909 monast.
1014 877 1104 915 abb„
1120 886 1158 908 ac
1176 877 1319 909 Bossolo
1333 878 1374 909 de
1390 878 1526 915 Parma,
1543 887 1616 909 can.
1634 879 1820 910 Tornacen.
1838 880 1891 919 (A.
1909 882 1958 919 16,
1976 881 1998 911 f.
2018 882 2075 913 180
2090 881 2122 919 1’;
2150 882 2182 912 V.
2199 884 2249 920 73,

644 939 697 971 ep.
713 931 798 971 237.)

690 981 825 1014 14472.
844 1001 883 1007 --
896 983 1008 1014 Eidem
1026 984 1136 1023 gratia
1154 993 1250 1024 exsp.
1268 983 1378 1016 benef.
1398 985 1527 1022 saecul„
1547 993 1574 1016 s.
1590 994 1632 1023 c.,
1650 986 1685 1016 in
1700 986 1792 1017 civit.
1812 986 1866 1017 vel
1883 987 1930 1017 di.
1947 987 2106 1019 Parmen.
2125 990 2247 1028 pertin.

644 1037 686 1068 ad
700 1038 814 1070 collat.
831 1038 900 1078 ep.i
915 1038 1073 1069 Parmen.
1089 1047 1099 1075 ;
1117 1037 1250 1077 reliqua
1262 1039 1299 1069 ut
1314 1047 1342 1069 3.
1362 1038 1414 1077 (A.
1434 1040 1482 1076 16,
1502 1038 1525 1070 f.
1543 1039 1602 1070 181
1618 1044 1650 1075 ⁸3
1688 1038 1721 1070 V.
1737 1041 1787 1075 73,
1804 1048 1857 1079 ep.
1872 1041 1957 1079 238.)

690 1088 825 1120 14473.
845 1109 878 1114 -
897 1091 1022 1122 Indult.
1034 1101 1065 1122 n.
1080 1101 1119 1122 m.
1136 1091 1265 1122 Joannae
1276 1091 1313 1121 de
1327 1091 1526 1131 Burqundia,
1545 1092 1730 1123 comitissae
1743 1093 1983 1130 cenomanen„
2001 1095 2038 1125 ut
2050 1095 2145 1134 pueri
2161 1097 2247 1136 ejus,

644 1153 752 1185 usque
770 1145 811 1176 ad
824 1144 1037 1183 decennium,
1055 1153 1094 1176 ac
1109 1145 1195 1184 ipsa,
1213 1153 1290 1175 cum
1307 1145 1411 1176 fuerit
1427 1145 1462 1175 in
1475 1146 1656 1185 puerperio
1673 1147 1705 1177 et
1723 1146 1856 1184 quoties
1872 1147 2039 1178 infirmari
2055 1149 2246 1189 contigerit,

643 1198 679 1229 in
695 1198 968 1238 quadragesima,
997 1197 1118 1229 diebus
1140 1198 1275 1229 veneris
1300 1199 1331 1229 et
1349 1197 1494 1236 sabbati,
1519 1198 1662 1238 ,iejuniis
1677 1200 1821 1238 quatuor
1837 1201 2042 1240 temporum,
2062 1210 2099 1232 36
2117 1204 2246 1234 sancto-

642 1260 716 1283 rum
733 1252 863 1291 vigiliis
881 1251 922 1282 ab
938 1251 1019 1283 eccl.
1039 1251 1220 1289 institutis,
1237 1251 1398 1282 carnibus
1411 1252 1503 1283 vesci
1516 1252 1663 1283 valeant.
1678 1252 1731 1292 (A.
1747 1254 1796 1290 16,
1813 1253 1835 1284 f.
1850 1254 1908 1284 192
1923 1259 1936 1274 ⁸
1949 1263 1957 1289 ;
1977 1254 2012 1285 V.
2028 1256 2077 1291 73,
2096 1263 2148 1294 ep.
2161 1257 2246 1295 310.)

688 1301 824 1334 14474.
840 1322 879 1327 -
894 1304 1067 1344 Βοηίβαείο,
1088 1304 1261 1345 Kyronen.‚
1278 1309 1307 1335 et
1330 1304 1554 1336 Bartholomaeo
1574 1305 1760 1346 Empurien.
1786 1306 1864 1346 ep.is
1882 1306 1916 1336 in
1936 1307 2017 1339 civit.
2036 1308 2152 1338 Pisana
2169 1319 2248 1340 corn-

641 1358 828 1388 morantibus
850 1358 963 1389 mand.
991 1359 1028 1389 ut
1054 1358 1275 1388 reconcilient
1294 1357 1431 1397 paroch.
1452 1358 1533 1389 eccl.
1559 1367 1587 1389 3.
1608 1358 1720 1389 Luciae
1746 1359 1786 1390 de
1803 1359 2005 1391 Hericuchis
2022 1361 2139 1393 Pisan.
2164 1363 2242 1394 effu-

640 1412 735 1442 316116
753 1411 930 1451 sanguinis
944 1411 1119 1448 violatam,
1139 1420 1241 1450 quam
1259 1411 1451 1451 archiep.us
1468 1412 1584 1442 Pisan.
1605 1412 1823 1443 reconciliare
1840 1413 2023 1453 denegarat
2036 1417 2072 1445 ut
2087 1417 2246 1455 exposuit

639 1465 790 1496 Uclanus
806 1466 916 1496 rector
930 1465 1052 1504 ipsius.
1074 1465 1127 1502 (Α.
1145 1466 1192 1501 16,
1209 1464 1231 1495 f.
1250 1466 1290 1495 72
1305 1470 1333 1501 ²;
1357 1464 1390 1494 V.
1410 1466 1460 1501 73,
1476 1473 1528 1504 ep.
1553 1467 1638 1504 393.)

685 1515 818 1547 14475.
838 1534 877 1539 -
899 1517 1066 1548 Laurentio
1091 1517 1220 1548 Martini
1242 1518 1282 1549 D.
1299 1517 1337 1549 D.
1360 1526 1454 1557 prov.
1478 1527 1596 1549 canon.
1615 1519 1694 1549 eccl.
1712 1519 1913 1551 Bracharen.
1932 1520 1996 1551 sub
2012 1529 2105 1561 exsp.
2123 1523 2242 1561 praeb.;

638 1580 704 1603 non
735 1571 822 1603 obst.
839 1571 974 1611 paroch.
1002 1571 1082 1602 eccl.
1102 1571 1136 1602 S.
1155 1572 1200 1603 M.
1231 1572 1271 1602 de
1296 1572 1402 1602 Portu
1428 1571 1596 1602 Molarum
1623 1574 1656 1603 et
1680 1573 1826 1612 quodam
1851 1574 2082 1612 praestimonio
2105 1575 2139 1606 in
2161 1577 2242 1607 eccl.

638 1634 668 1656 s.
687 1625 825 1656 Martini
841 1625 881 1656 de
894 1625 1018 1662 Hume,
1038 1626 1092 1665 (25
1107 1625 1181 1656 flor.
1198 1625 1299 1664 auri),
1319 1624 1525 1656 Ulixbonen.
1545 1628 1576 1656 et
1592 1625 1796 1656 Bracharen.
1814 1626 1859 1656 di.
1875 1644 1914 1649 -
1929 1627 1955 1658 I.
1975 1636 2004 1658 e.
2022 1637 2066 1658 m.
2086 1628 2126 1659 de
2143 1629 2243 1661 Boito

638 1680 672 1710 et
688 1678 728 1710 de
745 1678 935 1716 Alcobatia,
951 1678 1153 1710 Bracharen.
1176 1680 1209 1709 et
1226 1678 1432 1710 Ulixbonen.
1449 1678 1509 1714 di.,
1527 1681 1672 1710 monast.
1693 1679 1783 1717 abb.‚
1799 1689 1836 1710 ac
1851 1680 1977 1711 decano
2002 1681 2082 1712 eccl.
2103 1682 2242 1714 Ulixbo-

638 1741 714 1764 nen.
734 1731 788 1772 (V.
803 1734 852 1767 73,
870 1741 922 1772 ep.
939 1733 1024 1771 517.)

684 1782 820 1815 14476.
831 1803 869 1808 -
882 1786 1007 1817 Indult.
1018 1786 1176 1826 potestati,
1192 1786 1365 1826 capitaneo,
1379 1785 1527 1822 antianis,
1543 1785 1669 1816 consilio
1682 1791 1710 1816 et
1723 1787 1876 1817 communi
1889 1787 1996 1819 Pisan.
2010 1789 2241 1827 construendi,

637 1839 801 1870 ecclesias
822 1838 1044 1879 baptismales
1070 1840 1106 1870 in
1130 1839 1278 1870 diversis
1301 1847 1483 1878 regnorum
1507 1839 1624 1879 Cypri,
1642 1840 1825 1877 Armeniae,
1842 1841 1962 1880 Syriae,
1979 1841 2241 1881 MarismaJ'oris,

637 1894 669 1924 et
682 1893 861 1924 districtus
876 1901 913 1924 ac
926 1892 1063 1932 imperii
1078 1892 1267 1930 Romaniae,
1285 1894 1317 1924 et
1332 1893 1410 1923 aliis
1428 1892 1653 1924 orientalibus
1670 1893 1825 1932 partibus
1841 1894 1882 1924 ad
1905 1903 1990 1933 opus
2006 1894 2180 1926 hominum
2197 1897 2242 1927 ci-

635 1946 752 1977 vitatis
777 1946 906 1983 Pisan.,
928 1946 985 1986 qui
1012 1946 1143 1977 ratione
1162 1945 1408 1977 mercationum
1429 1946 1514 1976 inibi
1531 1948 1795 1983 commorantur,
1813 1948 1913 1986 prout
1929 1956 1986 1978 eas
2002 1947 2125 1979 habent
2141 1949 2176 1979 in
2190 1957 2240 1980 re·

635 1999 711 2039 gnis
729 1999 864 2030 Tunisii
879 2001 912 2030 et
928 2000 1079 2039 Burgeae.
1098 1999 1151 2040 (A.
1170 2001 1220 2036 16,
1238 1999 1260 2030 f.
1282 2001 1341 2031 316
1356 2004 1383 2036 ²3
1407 1998 1441 2029 V.
1460 2000 1510 2034 73,
1531 2007 1584 2038 ep.
1602 2000 1678 2036 584;
1695 2000 1877 2039 Raynaldi,
1895 2000 2030 2031 Annales
2046 2001 2242 2032 ecclesiastici

635 2052 677 2082 ad
688 2062 802 2083 annum
818 2053 907 2088 1321,
922 2053 937 2092 S
955 2053 1062 2091 XIV.)

682 2102 815 2135 14477.
828 2123 865 2128 -
876 2105 967 2136 Petro
983 2105 1020 2136 de
1043 2105 1112 2142 Via,
1129 2105 1328 2144 praecentori
1346 2105 1426 2136 eccl.
1446 2105 1738 2144 carpentoraten„
1756 2106 1976 2137 conferuntur
1991 2109 2086 2138 motu
2102 2108 2240 2147 proprio

634 2158 773 2190 decimae
800 2159 840 2190 de
863 2159 1032 2196 Dozenas,
1056 2158 1222 2190 Sarlaten.
1247 2159 1306 2195 di.,
1325 2167 1385 2197 per
1406 2158 1489 2189 obit.
1511 2158 1658 2198 Begonis
1674 2158 1714 2189 de
1731 2159 1949 2196 Cavomonte,
1967 2160 1999 2191 S.
2021 2162 2061 2191 A.
2079 2169 2164 2200 cap„
2187 2170 2241 2192 va-

634 2214 761 2243 cantes.
781 2230 819 2234 —
835 2212 860 2242 I.
876 2221 904 2243 e.
921 2221 967 2243 ni.
993 2220 1068 2251 ep.o
1085 2212 1314 2246 Lemovicen.,
1341 2213 1373 2242 et
1396 2211 1522 2242 archid.
1551 2212 1742 2248 Caturcen„
1772 2221 1809 2243 ac
1831 2212 2019 2244 Bertrando
2044 2214 2084 2245 de
2107 2214 2237 2252 Mauso,

634 2274 707 2296 can.
724 2265 916 2297 Ruthenen.
933 2265 1014 2296 eccl.
1031 2265 1084 2306 (A.
1103 2267 1151 2302 17,
1171 2265 1193 2296 f.
1212 2265 1271 2297 158
1287 2264 1321 2300 b3
1345 2264 1377 2295 V.
1398 2267 1448 2301 73,
1463 2273 1515 2304 ep.
1536 2265 1623 2305 952.)

679 2315 814 2347 14478.
833 2336 871 2341 -
886 2318 965 2348 Abb.
981 2323 1111 2349 monast.
1130 2317 1166 2348 de
1192 2317 1271 2348 Villa
1292 2317 1472 2355 Bertrandi,
1494 2318 1687 2349 Gerunden.
1708 2318 1767 2354 di.,
1788 2319 1901 2349 mand.
1919 2320 1956 2350 ut
1973 2319 2149 2351 confirmet
2165 2329 2240 2360 per-

632 2372 857 2404 mutationem
874 2372 963 2403 inter
981 2372 1165 2403 Geraldum
1182 2372 1222 2403 de
1238 2371 1483 2411 Rupeberfino,
1495 2371 1568 2402 mil.
1582 2371 1775 2403 Gerunden.
1794 2371 1853 2408 di.,
1867 2373 1899 2403 et
1911 2372 2079 2412 hospitale
2093 2382 2120 2404 s.
2137 2374 2236 2405 Joan-

632 2425 686 2456 nis
705 2425 974 2457 Jerosolimitan.
992 2426 1033 2456 de
1050 2425 1256 2465 quibusdam
1273 2425 1463 2456 redditibus
1480 2425 1602 2455 annuis
1618 2425 1703 2464 (101.
1723 2424 1991 2465 barchinonen),
2006 2435 2091 2465 quos
2109 2427 2238 2458 dictum

631 2478 799 2518 hospitale
815 2479 849 2509 in
861 2479 1007 2518 quodam
1023 2478 1097 2510 loco
1112 2478 1285 2518 Hospitali
1298 2479 1490 2518 nuncupato
1507 2478 1543 2509 in
1557 2478 1731 2509 territorio
1743 2479 1846 2509 castri
1858 2479 1898 2510 de
1910 2480 2053 2514 Navata,
2069 2480 2110 2510 ad
2123 2481 2235 2512 eumd.

632 2532 703 2563 mil.
724 2532 921 2573 spectantis,
952 2531 1064 2566 habet,
1092 2540 1152 2571 pro
1182 2531 1262 2563 aliis
1286 2531 1537 2563 sufficientibus
1567 2533 1600 2562 et
1630 2531 1869 2571 pinguioribus
1887 2532 2087 2564 redditibus.
2108 2534 2159 2571 (A.
2186 2536 2234 2572 17,

632 2585 654 2616 f.
672 2586 732 2617 329
754 2585 788 2623 ὓς
810 2585 846 2616 V.
866 2587 916 2623 73,
933 2594 988 2625 ep.
1007 2586 1111 2624 1428.)

677 2636 813 2668 14479.
830 2657 869 2662 -
883 2639 1017 2679 Indulg.
1049 2649 1087 2669 XL
1113 2639 1246 2670 dierum
1266 2638 1489 2670 visitantibus
1515 2639 1595 2670 eccl.
1627 2640 1773 2670 monast.
1791 2639 1994 2671 monialium
2012 2640 2053 2671 de
2069 2641 2168 2680 Spira
2185 2641 2237 2672 Pi·

632 2701 718 2729 san„
737 2693 827 2732 quod
843 2693 883 2724 de
896 2688 1137 2724 'MiSericordia
1153 2694 1379 2732 nuncupatur,
1395 2692 1433 2724 O.
1451 2693 1485 2724 S.
1506 2692 1559 2728 A„
1578 2693 1614 2723 in
1630 2692 1792 2724 honorem
1813 2692 1850 2723 Β.
1871 2693 1916 2724 Μ.
1935 2694 1976 2724 V.
1995 2702 2032 2724 ac
2045 2693 2078 2724 b.
2096 2694 2236 2726 Marthae

631 2747 872 2782 constructam,
902 2746 937 2776 in
964 2746 1240 2777 Resurrectionis
1257 2747 1289 2776 et
1318 2745 1452 2777 duobus
1480 2745 1601 2776 diebus
1626 2745 1860 2786 sequentibus,
1879 2755 1916 2777 ac
1942 2746 1976 2776 b.
1995 2747 2236 2786 Apostolorum

631 2799 780 2839 Philippi
799 2801 831 2830 et
845 2799 975 2836 Jacobi,
990 2801 1023 2830 et
1038 2799 1184 2830 aliorum
1202 2801 1395 2831 sanctorum
1413 2807 1559 2839 quorum
1576 2799 1611 2830 in
1625 2799 1699 2830 ead.
1715 2799 1796 2830 6661.
1811 2799 1933 2830 altaria
1948 2801 2027 2830 sunt
2043 2802 2152 2832 erecta
2168 2801 2235 2832 fes-

630 2852 834 2883 tivitatibus.
852 2853 906 2893 (A.
925 2855 974 2890 16,
998 2853 1021 2883 f.
1038 2855 1094 2884 251
1113 2858 1142 2890 ⁸3
1165 2852 1198 2883 V.
1214 2854 1264 2890 73,
1284 2861 1335 2892 ep.
1353 2853 1459 2891 1507.)

677 2902 811 2935 14480.
827 2922 865 2927 -—
882 2905 997 2937 Facul.
1017 2916 1095 2946 may.
1122 2905 1281 2937 Guillelmo
1297 2905 1334 2936 de
1356 2905 1497 2942 Balaeaeo,
1515 2905 1642 2936 archid.
1662 2905 1884 2945 ForOJ'ulien.,
1900 2906 1966 2936 ΡΡ.
1986 2914 2073 2944 cap„
2092 2907 2233 2946 Campa-

631 2958 696 2990 niae
714 2958 961 2998 Maritimaeque
988 2959 1123 2994 rectori,
1147 2959 1392 2990 tabellionatus
1417 2959 1471 2990 off.
1500 2958 1705 2990 concedendi
1735 2959 1880 2998 quatuor
1908 2958 2077 2997 personis,
2098 2959 2231 2990 clericis

630 3011 789 3043 videlicet
806 3020 873 3043 non
889 3012 1089 3052 conjugatis.
1108 3012 1162 3052 (A.
1186 3015 1235 3050 16,
1253 3012 1275 3043 f.
1291 3013 1349 3044 198
1363 3013 1402 3050 ⁸.)
