2592 3528
275 422 379 449 Datum
401 415 584 450 Avenione.

317 628 356 656 25
375 631 429 656 oct.
447 628 535 656 1321.

311 673 380 710 (vm
393 672 452 700 kal.
466 672 546 709 nov.)

385 787 421 815 Ut
438 795 462 814 s.

386 945 422 974 Ut
442 954 466 974 s,

384 1265 417 1293 Ut
437 1273 461 1293 s.

312 1423 350 1451 31
367 1427 421 1452 oct.
440 1424 527 1452 1321.

323 1470 356 1503 (11
367 1469 427 1496 kal.
437 1469 519 1504 nov.)

302 1850 345 1878 22
361 1858 425 1879 nov.
448 1851 537 1881 1321,

317 1897 346 1929 (x
362 1896 421 1924 kal.
439 1896 514 1932 dec.)

376 2010 412 2038 Ut
428 2019 453 2038 s.

378 2168 414 2197 Ut
435 2177 458 2197 ει.

374 2382 408 2410 Ut
427 2391 451 2412 s.

376 2595 411 2624 Ut
431 2605 456 2626 s·

372 2969 407 2997 Ut
426 2977 450 2997 s.

667 329 841 361 JOANNIS
865 330 982 360 PAPAE
1005 330 1107 360 XXII.
1131 332 1380 369 <mm-1334).
1404 351 1440 355 -
1465 332 1650 363 LITTERAE
1674 333 1725 363 DE
1747 333 1866 364 CURIA
2210 338 2269 368 159

668 519 918 550 restituendum
930 518 1105 558 praefatam
1126 519 1207 550 eccl.
1231 528 1306 558 ep.o
1323 519 1519 559 Legionem,
1537 520 1595 559 qui
1611 520 1706 551 illam
1720 523 1859 560 propter
1883 523 2062 561 praemissa
2075 524 2265 556 ecclesiast.

608 599 611 601 .
669 572 848 612 supposuit
860 572 1050 603 interdicto.
1063 572 1115 612 (A.
1134 574 1182 609 17,
1199 572 1220 603 f.
1233 572 1334 608 4301³;
1354 573 1389 603 V.
1408 574 1457 606 73.
1471 581 1522 612 ep.
1540 575 1590 609 46,
1609 573 1646 603 de
1659 575 1738 612 cur.)

714 622 848 654 16104.
868 643 907 648 —
925 625 1087 656 Inhibitio
1102 634 1143 656 ne
1160 626 1238 665 quis
1257 634 1299 656 ex
1322 626 1464 656 ducatus
1481 626 1653 665 Spoletan.
1678 627 1853 666 provincia
1869 629 1983 659 contra
2006 629 2111 660 alium
2130 630 2195 660 sibi
2209 631 2265 670 Jus

667 678 791 715 dicere,
815 680 872 710 aut
887 687 1044 719 guerram
1061 687 1121 710 seu
1146 679 1352 710 cavalcatam
1376 688 1522 716 movere,
1541 680 1595 710 vel
1622 679 1765 711 alterius
1781 680 1870 711 bona
1886 690 2047 720 occupare
2070 685 2264 721 praesumat,

666 731 734 763 nisi
748 731 788 763 de
806 732 917 771 ipsius
931 732 1112 771 provinciae
1127 732 1270 763 rectoris
1288 732 1438 763 licentia.
1456 732 1508 771 (A.
1530 734 1579 768 17,
1605 733 1626 763 f.
1645 734 1704 763 447
1718 738 1746 770 ³;
1767 733 1801 764 V.
1820 735 1870 771 73,
1887 743 1938 773 ep.
1955 736 1995 765 47
2011 735 2050 766 Α.
2071 735 2107 765 de
2120 737 2198 776 cur.)

715 782 849 814 16105.
869 803 904 808 -
925 784 1006 824 May.
1030 784 1181 816 Rainaldo
1198 784 1234 815 de
1251 795 1275 815 s.
1293 785 1466 823 Arthemia,
1483 785 1633 816 thesaur.
1654 786 1869 824 Noviomen.,
1899 787 1996 826 Papae
2013 796 2098 826 cap„
2123 789 2265 820 ducatus

666 837 839 878 Spoletani
854 839 989 875 rectori,
1008 839 1120 869 mand.
1142 840 1179 869 ut
1192 839 1387 878 praedictam
1403 838 1641 870 inhibitionem
1658 839 1693 870 in
1719 840 1790 870 tota
1806 840 1980 879 provincia
1995 841 2102 879 ejusd.
2123 841 2264 873 ducatus

666 891 833 931 publicari
851 893 955 923 curet.
975 892 1028 931 (A.
1047 894 1097 927 17,
1115 891 1138 922 f.
1153 894 1213 923 447
1231 892 1261 928 b;
1285 891 1319 922 V.
1338 894 1387 927 73,
1406 901 1458 932 ep.
1474 895 1513 924 47
1530 893 1570 927 B,
1585 892 1622 923 de
1638 892 1716 932 cur.)

713 942 848 974 16106.
866 962 902 967 -
922 945 997 976 Eid.
1010 945 1122 976 mand.
1139 947 1176 976 ut
1188 945 1368 976 denunciet
1384 946 1695 977 excommunicatos
1709 946 1740 977 et
1755 946 1951 977 interdictos
1963 955 2039 978 esse
2050 949 2265 986 potestatem,

666 998 848 1029 consilium
867 1000 899 1030 et
911 1007 1089 1030 commune
1107 998 1292 1038 Spoletan.,
1310 999 1369 1038 qui
1396 999 1578 1029 nonnullos
1596 999 1753 1030 concives
1769 1008 1850 1030 suos
1865 1000 1906 1031 de
1923 1000 2071 1040 propriis
2089 1000 2267 1032 habitatio-

666 1050 767 1082 nibus
781 1051 985 1091 expulerunt
999 1053 1032 1083 et
1048 1052 1175 1083 multos
1193 1052 1280 1082 alios
1302 1051 1496 1083 carceribus
1522 1052 1733 1092 mancipatos
1751 1052 1902 1084 detinent
1922 1062 2018 1092 quos,
2035 1053 2114 1085 licet
2131 1054 2265 1092 moniti,

667 1104 823 1135 domibus
841 1105 914 1136 suis
931 1106 963 1136 et
979 1105 1130 1136 libertati
1154 1105 1334 1137 restituere
1350 1113 1418 1136 non
1438 1106 1598 1136 curarunt
1610 1115 1619 1141 3
1638 1105 1738 1145 quod,
1754 1105 1784 1136 si
1808 1106 1897 1137 infra
1924 1115 1965 1136 xv
1982 1106 2055 1137 dies
2081 1106 2190 1138 facere
2208 1116 2266 1139 ne-

666 1157 846 1197 glexerint,
864 1158 975 1189 dictus
990 1159 1099 1190 rector
1118 1158 1159 1189 ad
1182 1158 1456 1198 aggravationem
1482 1167 1614 1190 excom.
1637 1160 1669 1190 et
1695 1159 1867 1190 interdicti
1884 1160 2129 1191 sententiarum
2151 1169 2266 1200 proce-

666 1211 733 1242 dat.
753 1211 805 1251 (A.
821 1213 871 1247 17,
886 1211 910 1242 f.
925 1213 986 1243 448
1003 1217 1032 1247 ⁸3
1058 1211 1090 1242 V.
1109 1213 1158 1247 73,
1173 1220 1225 1251 ep.
1242 1212 1295 1247 48,
1308 1211 1344 1242 de
1357 1211 1438 1251 cur.)

713 1262 847 1294 16107.
863 1282 902 1286 -
917 1265 1008 1302 Duci,
1023 1264 1150 1295 consilio
1166 1270 1193 1295 el
1212 1265 1364 1295 communi
1383 1265 1562 1295 Venetorum
1579 1265 1692 1296 mand.
1710 1266 1747 1296 ut
1763 1274 1782 1296 a
1808 1265 2079 1305 participatione,
2101 1275 2264 1299 commer-

665 1317 716 1349 cio
733 1320 765 1349 et
784 1318 1020 1349 communione
1043 1327 1120 1350 cum
1136 1319 1340 1350 Recanaten.
1358 1320 1390 1350 et
1406 1319 1533 1349 Fanen.
1556 1318 1850 1354 universitatibus,
1869 1319 1907 1349 E.
1923 1319 1964 1350 R.
1980 1318 2177 1355 rebellibus,
2194 1321 2264 1352 tam

665 1379 724 1410 per
740 1379 833 1402 mare
851 1380 954 1411 quam
971 1380 1031 1411 per
1043 1372 1182 1409 terram,
1199 1371 1369 1403 abstinere
1394 1373 1522 1402 curent.
1545 1372 1597 1409 (A.
1616 1373 1664 1407 17,
1683 1371 1706 1402 f.
1735 1373 1795 1403 449
1810 1377 1841 1409 ⁸;
1861 1372 1896 1403 V.
1926 1373 1976 1409 73,
1994 1380 2046 1412 ep.
2064 1374 2116 1410 49,
2134 1372 2170 1403 de
2185 1375 2263 1412 cur.)

713 1421 847 1453 16108.
865 1443 902 1447 -
923 1423 1006 1464 May.
1021 1423 1186 1455 Guillelmo
1205 1424 1241 1455 de
1257 1424 1398 1461 Balacro,
1419 1424 1546 1455 archid.
1564 1424 1785 1463 Forojulien.,
1805 1425 1905 1464 Papae
1928 1434 2014 1464 cap„
2036 1425 2185 1457 civitatis
2201 1427 2260 1458 Be-

665 1478 861 1508 neventanae
877 1477 1012 1515 rectori,
1031 1478 1143 1509 mand.
1160 1480 1198 1509 ut
1214 1478 1323 1510 irritet
1337 1478 1536 1509 electionem
1552 1478 1816 1514 Bartholomaeae,
1833 1479 1919 1509 natae
1935 1478 2084 1509 Simonis
2100 1479 2264 1511 Mascam-

663 1530 772 1566 broni,
789 1530 862 1561 mil.
879 1531 1120 1568 Beneventan.‚
1139 1530 1174 1561 in
1189 1530 1398 1562 abbatissam
1414 1532 1560 1561 monast.
1579 1539 1606 1561 s.
1628 1531 1719 1561 Petri
1734 1531 1974 1568 Beneventan„
1994 1532 2035 1562 ad
2053 1532 2093 1563 R.
2111 1532 2150 1563 E.
2169 1533 2263 1564 nullo

663 1583 776 1614 medio
789 1583 926 1623 pertin„
944 1584 982 1615 O.
998 1584 1030 1614 S.
1047 1584 1098 1622 B„
1117 1584 1250 1620 electae;
1264 1593 1306 1615 ex
1322 1593 1360 1615 eo
1374 1584 1464 1623 quod
1479 1583 1672 1623 hujusmodi
1692 1584 1811 1615 electio
1830 1593 1890 1623 per
1906 1585 2146 1624 impressionis
2163 1586 2263 1617 auda-

665 1637 754 1668 ciam
772 1636 941 1668 celebrata
961 1637 1075 1673 fuerit,
1095 1638 1127 1668 et
1157 1637 1219 1668 filii
1237 1646 1275 1668 ac
1295 1639 1435 1676 nepotes
1458 1637 1539 1668 dicti
1565 1637 1715 1668 Simonis
1737 1646 1845 1677 usque
1864 1637 1906 1667 ad
1925 1637 2062 1668 tertiam
2077 1639 2264 1678 generatio·

662 1698 753 1725 nem,
771 1690 812 1721 ob
831 1690 965 1730 culpam
982 1699 1144 1721 excessus
1161 1699 1220 1730 per
1233 1699 1310 1721 eum
1323 1690 1357 1720 in
1374 1691 1551 1730 Hugonem
1569 1690 1609 1721 de
1625 1691 1807 1730 Layssaco,
1823 1692 1903 1721 tunc
1918 1690 2026 1730 ejusd.
2047 1691 2138 1722 civit.
2158 1694 2264 1723 recto-

663 1752 746 1781 rem,
765 1743 952 1779 commissi,
969 1744 1010 1775 ad
1026 1752 1144 1775 omnes
1154 1744 1245 1784 dign.
1261 1745 1293 1775 et
1307 1743 1452 1774 honores
1465 1743 1653 1774 ecclesiast.
1672 1743 1840 1774 inhabiles
1854 1743 1980 1774 redacti
1996 1743 2132 1776 fuerint.
2146 1745 2198 1783 (A.
2212 1747 2261 1783 17,

662 1797 685 1828 f.
702 1799 761 1829 376
778 1796 813 1835 b;
835 1797 872 1828 V.
896 1799 945 1834 73,
964 1805 1017 1837 ep.
1034 1798 1084 1835 22,
1104 1796 1141 1827 de
1155 1797 1235 1837 cur.)

708 1847 845 1880 16109.
862 1867 900 1872 -
915 1850 1049 1881 Joannes
1063 1850 1098 1880 de
1114 1850 1257 1890 Zoryoro
1280 1850 1312 1880 in
1326 1860 1414 1880 sacra
1444 1849 1595 1890 theoloqia
1612 1849 1721 1880 doctor
1744 1860 1779 1879 ac
1802 1850 1886 1879 univ.
1910 1850 1986 1880 socii
2012 1854 2039 1880 et
2056 1849 2202 1890 discipuli
2216 1851 2264 1881 sui

662 1905 824 1942 rogantur
846 1905 883 1934 ut
898 1904 1044 1943 populos
1063 1903 1201 1934 illarum
1217 1904 1366 1943 partium
1383 1903 1424 1944 (⁶2)
1442 1904 1475 1934 in
1500 1903 1572 1943 lege
1587 1903 1667 1934 D.ni
1692 1903 1846 1934 doctrina
1863 1902 1957 1934 verbi
1977 1905 2009 1935 et
2025 1903 2137 1943 operis
2161 1904 2264 1935 infor-

662 1959 765 1989 ment.
781 1957 836 1997 (A.
859 1959 908 1993 17,
926 1957 949 1987 f.
965 1958 1025 1989 445
1043 1962 1075 1994 ²,·
1095 1957 1130 1988 V.
1149 1959 1198 1994 73,
1215 1966 1266 1996 ep.
1287 1958 1337 1993 32,
1357 1956 1393 1987 de
1407 1957 1487 1996 cur.)

707 2008 843 2040 16110.
862 2027 900 2032 -
917 2010 1074 2042 Jeronimo
1093 2020 1163 2051 ep.o
1181 2009 1318 2051 Cophen.
1340 2010 1477 2040 licentia
1491 2009 1652 2040 visitandi
1671 2009 1888 2049 sepulchrum
1913 2009 2121 2040 dominicum
2137 2018 2213 2040 cum
2229 2018 2262 2040 iv

661 2063 764 2094 sociis
781 2064 819 2095 O.
838 2063 875 2094 F.
895 2064 955 2099 Μ.,
971 2063 1068 2103 cujus
1083 2063 1256 2103 professor
1273 2063 1404 2099 existit,
1419 2065 1451 2094 et
1462 2063 1604 2094 totidem
1620 2062 1770 2093 famulis.
1789 2062 1841 2101 (A.
1854 2065 1902 2099 17,
1921 2062 1943 2092 f.
1962 2063 2021 2094 445
2038 2068 2068 2099 εὶ;
2093 2062 2125 2093 V.
2142 2064 2191 2100 73,
2208 2071 2260 2103 ep.

659 2118 710 2154 33,
726 2116 763 2147 de
780 2126 844 2148 cur.
858 2126 867 2154 ;
883 2116 1002 2152 Eubel,
1020 2116 1195 2147 Bullarium
1213 2116 1464 2151 Franciscanum,
1480 2117 1505 2146 t.
1521 2117 1560 2152 V,
1579 2125 1611 2155 p.
1628 2117 1698 2147 213.
1716 2124 1749 2146 n.
1765 2115 1851 2154 447.)

707 2167 843 2199 16111.
867 2188 904 2193 —
925 2169 1110 2210 Magnificus
1130 2170 1179 2200 vir
1195 2169 1341 2210 Mussayd
1356 2169 1524 2208 imperator
1542 2168 1740 2198 Tartarorum
1757 2170 1893 2208 rogatur
1910 2169 1946 2199 ut
1963 2169 2052 2199 circa
2069 2168 2260 2199 christianae

659 2222 738 2254 fidei
756 2223 915 2260 cultores,
929 2223 1019 2253 infra
1036 2222 1252 2254 latitudinem
1271 2222 1324 2253 sui
1345 2222 1505 2262 degentes
1522 2222 1670 2261 imperii,
1688 2221 1785 2252 oculo
1804 2230 1924 2252 sereno
1938 2221 2098 2260 respiciat
2114 2222 2201 2253 sicut
2215 2221 2262 2252 in-

659 2277 761 2316 cepit,
777 2285 835 2307 eos
846 2276 1068 2316 protectionis
1084 2277 1220 2307 tueatur
1234 2275 1376 2306 auxiliis
1391 2277 1424 2306 et
1440 2275 1474 2305 in
1490 2274 1646 2306 libertate
1661 2275 1768 2314 plenae
1785 2275 1979 2305 securitatis
1993 2276 2211 2305 manuteneat
2224 2283 2262 2305 ac

658 2331 846 2361 conservet.
867 2329 918 2369 (Α.
934 2331 983 2364 17,
1003 2329 1025 2360 f.
1044 2331 1104 2361 445
1119 2334 1152 2366 ⁸3
1177 2329 1213 2360 V.
1231 2330 1281 2364 73,
1299 2337 1352 2368 ep.
1371 2331 1421 2365 34,
1441 2327 1477 2359 de
1492 2337 1578 2365 σωκ,
1597 2327 1715 2365 Eubel,
1736 2337 1787 2368 op.
1805 2327 1869 2365 eit„
1889 2329 1913 2358 t.
1929 2328 1969 2365 V,
1987 2336 2019 2367 p.
2037 2329 2106 2365 214,
2126 2336 2159 2359 n.
2175 2329 2260 2366 451.)

704 2380 840 2412 16112.
863 2400 901 2405 -
919 2382 1040 2423 Populo
1057 2383 1258 2413 Armenorum
1274 2391 1334 2423 per
1354 2382 1508 2422 Sarayen.
1527 2381 1610 2412 civit.
1629 2385 1656 2411 et
1675 2380 1719 2412 di.
1739 2381 1912 2411 constitutis
1933 2381 2046 2411 mand..
2065 2382 2102 2412 ut
2123 2381 2260 2420 Stepha-

658 2445 739 2468 num
753 2444 867 2476 ep.um
883 2436 1061 2476 Sarayen.‚
1080 2444 1180 2476 quem
1203 2436 1244 2466 de
1262 2436 1341 2467 sede
1359 2444 1422 2466 sua
1437 2435 1619 2475 ejecerunt,
1635 2436 1808 2474 tamquam
1831 2435 1962 2473 patrem
1979 2435 2012 2465 et
2026 2434 2196 2473 pastorem
2212 2434 2262 2474 ip—

658 2498 775 2521 sorum
800 2489 977 2529 recipiant,
995 2489 1094 2529 eique
1112 2489 1380 2520 satisfactionem
1406 2496 1589 2528 congruam
1608 2487 1816 2527 impendant.
1841 2487 1894 2526 (A.
1914 2489 1963 2523 17,
1981 2486 2004 2517 f.
2021 2486 2125 2524 4451),
2150 2487 2186 2518 V.
2208 2488 2258 2524 73,

657 2552 710 2584 ep.
731 2545 780 2580 35,
801 2542 838 2574 de
855 2552 920 2574 cur.
931 2552 940 2579 3
958 2542 1140 2583 RaynaIffl,
1160 2541 1296 2573 Annales
1311 2541 1508 2572 ecclesiastici
1523 2541 1564 2571 ad
1580 2551 1694 2571 annum
1717 2540 1824 2577 1321,
1841 2540 1855 2580 ξ
1871 2540 1979 2579 ΧΙΙΙ.)

701 2596 712 2607 ’
735 2594 872 2626 16113.
892 2615 930 2619 -
954 2596 1083 2627 Varlan.
1098 2596 1244 2634 sacrista-²,
1264 2600 1292 2626 ec
1310 2595 1379 2626 aliis
1396 2605 1477 2625 mon.
1497 2599 1626 2625 monast.
1644 2604 1669 2624 s.
1692 2593 1815 2624 Tadhaei
1836 2591 1979 2634 apostoli,
1994 2603 2029 2623 ac
2044 2592 2114 2623 aliis
2131 2593 2214 2624 univ.
2232 2597 2260 2623 et

654 2649 786 2691 sinqulis
799 2649 840 2681 ad
857 2649 1039 2681 catholicam
1055 2649 1147 2690 fidem
1169 2649 1329 2685 conversis,
1346 2658 1403 2689 per
1422 2648 1622 2679 Tartarorum
1642 2647 1803 2688 imperium
1819 2647 2001 2683 constitutis,
2015 2655 2107 2678 conc.
2128 2646 2257 2686 indulg.

655 2713 703 2735 xx
718 2703 851 2735 dierum
869 2703 1017 2743 singulis
1034 2702 1155 2734 diebus
1172 2702 1297 2743 quibus
1314 2702 1568 2742 persecutiones
1586 2710 1646 2740 pro
1663 2700 1778 2731 divino
1797 2700 1933 2731 nomine
1952 2700 2047 2739 ipsos
2064 2699 2135 2739 pati
2153 2699 2259 2730 conti-

655 2757 753 2798 gerit,
770 2757 824 2788 vel
840 2765 902 2796 pro
918 2757 1063 2788 aliorum
1084 2756 1304 2788 conversione
1323 2756 1364 2786 ad
1379 2755 1480 2786 fidem
1497 2753 1711 2790 laborabunt,
1736 2762 1797 2784 seu
1812 2753 1894 2784 D.ni
1910 2752 2017 2784 nostri
2033 2753 2116 2783 Jesu
2133 2751 2259 2783 Christi

655 2812 687 2842 et
706 2811 742 2842 B.
761 2810 805 2841 Μ.
830 2811 872 2842 V.
889 2809 1020 2842 nomini
1036 2809 1260 2841 reverentiam
1285 2809 1417 2840 devotis
1433 2808 1558 2839 animis
1582 2806 1800 2839 exhibebunt.
1818 2806 1872 2846 (A.
1898 2808 1946 2843 17,
1967 2805 1989 2836 f.
2009 2806 2068 2836 445
2093 2805 2124 2842 ¹³3
2153 2804 2189 2835 V.
2206 2806 2255 2842 73,

655 2871 708 2903 ep.
725 2865 776 2901 36,
799 2863 836 2894 de
852 2873 936 2900 curu,
959 2863 1142 2903 Raynaldi‚
1161 2873 1212 2903 op.
1232 2863 1282 2893 cit.
1303 2862 1344 2893 ad
1363 2872 1475 2892 annum
1498 2861 1606 2898 1321,
1624 2861 1638 2899 ξ
1654 2861 1719 2897 IV;
1734 2858 1853 2896 Eubel,
1875 2868 1923 2899 op.
1948 2858 2012 2895 cic„
2029 2859 2053 2888 t.
2072 2857 2111 2894 V,
2133 2866 2166 2896 p.
2185 2858 2255 2894 215,

656 2925 687 2948 n.
704 2918 791 2956 ⁴52.)

703 2966 840 3000 16114.
861 2987 900 2992 -
925 2969 1046 3000 Vicario
1069 2969 1207 3010 qenerali
1223 2969 1255 2999 in
1270 2969 1413 3009 partibus
1439 2967 1589 2998 Tartariae
1609 2965 1819 3007 Aquilonaris,
1839 2969 1866 2994 et
1886 2964 1921 2994 S.
1943 2963 1984 2995 M.
2000 2972 2036 2993 ac
2050 2973 2074 2994 s.
2096 2962 2254 2993 Francisci

656 3022 693 3053 de
708 3022 815 3063 Capho
832 3023 867 3054 Ο.
885 3021 921 3052 F.
938 3022 979 3052 M.
1000 3021 1182 3062 quardianis
1201 3021 1313 3053 mand.
1329 3025 1365 3053 ut
1381 3020 1586 3060 compellant
1602 3018 1784 3050 nonnullos
1799 3018 1890 3048 cives
1908 3017 2063 3052 Januen.,
2084 3023 2143 3054 per
2159 3015 2251 3047 civit.
