2592 3528
361 346 420 377 216

395 433 496 460 Datum
512 427 695 461 Avenione.

388 534 405 562 5
427 534 520 569 (non.)
541 534 599 563 dec.
619 533 707 563 1322.

456 579 486 607 T.
504 579 551 612 xl,
571 578 642 606 XIII.

510 800 545 827 Ut
566 808 589 827 s.

448 845 478 872 T.
500 845 558 877 XII,
578 844 646 872 XIV.

376 1278 474 1314 6(v111
488 1277 538 1311 id.)
553 1277 610 1305 dec.
627 1277 713 1305 1322.

466 1323 496 1350 T.
518 1322 550 1355 Χ,
564 1322 622 1350 XII.

503 1438 539 1465 Ut
559 1446 583 1465 s.

452 1482 483 1509 T.
500 1482 545 1516 XI,
562 1482 633 1509 XIII.

504 1650 540 1677 Ut
557 1658 580 1676 s.

491 1694 520 1721 T.
539 1694 597 1721 XII.

504 1756 539 1784 Ut
557 1765 581 1784 S.

476 1801 506 1828 T.
529 1801 609 1829 XXX.

503 2076 539 2103 Ut
559 2084 583 2103 s·

489 2120 519 2147 T.
539 2120 595 2148 XX.

503 2288 538 2316 Ut
558 2297 582 2316 s.

442 2333 472 2359 T.
490 2333 544 2364 XL,
561 2333 639 2361 XLII.

500 2447 536 2475 L't
554 2456 577 2475 s.

485 2491 515 2518 T.
539 2492 594 2519 XX.

501 2712 537 2740 Ut
556 2721 579 2740 a.

463 2756 493 2783 Τ.
510 2757 542 2791 Χ,
558 2758 616 2785 XII.

501 2925 537 2953 Ut
557 2934 580 2953 s.

451 2969 481 2996 T.
499 2970 544 3004 XI,
559 2971 630 2998 XIII.

1901 0 1915 4 ..
1936 0 2231 21 -,<.*·17*.3WWW
2255 14 2273 18 f
2291 13 2313 22 Α,
2363 7 2370 18 3,
2382 19 2391 27 ’
2400 14 2407 21 υ

759 341 933 373 JOANNIS
956 341 1074 372 PAPAE
1095 340 1197 371 xxu.
1220 340 1468 381 (1816-1334).
1490 356 1530 363 —
1552 337 1738 370 LITTERAE
1761 335 1987 368 COMMUNES

830 528 964 560 16704.
982 548 1019 552 -
1037 530 1167 562 Geraldo
1185 530 1222 560 de
1244 529 1387 566 Godorio,
1418 536 1507 559 mon.
1529 527 1675 558 monast.
1702 525 1913 563 cluniacen„
1941 525 2163 558 Matisconen.
2189 524 2249 562 di.,
2276 524 2386 566 gratia

758 603 760 607 ν
785 593 880 624 exsp.
897 585 1080 624 prioratus,
1101 583 1154 614 vel
1168 582 1372 616 administr.‚
1390 589 1450 612 seu
1467 580 1522 611 off.
1539 582 1597 611 aut
1612 578 1722 610 benef.
1744 587 1773 610 0.
1792 587 1820 609 0.
1838 578 1893 610 vel
1910 586 1938 609 s.
1952 587 1995 616 c.‚
2016 578 2058 610 ad
2072 577 2199 619 prioris
2214 577 2386 618 prioratus

758 654 760 660 ν
786 646 812 669 s.
831 637 967 669 Martini
997 637 1037 668 de
1065 635 1203 675 Campis
1232 635 1412 670 Parisien.‚
1439 633 1590 664 Cluniae.
1609 632 1695 668 ord..
1717 631 1831 663 collat.
1853 631 1992 672 pertin„
2017 633 2052 664 et
2075 631 2251 664 monachis
2274 630 2384 672 ejusd.

785 691 955 731 prioratus
983 690 1150 729 assignari
1172 688 1337 719 consueti.
1360 705 1399 710 -
1414 687 1441 718 Ι.
1458 695 1487 717 e.
1508 694 1553 717 m.
1571 693 1648 725 ep.o
1671 685 1807 722 Riven.‚
1825 686 1860 716 et.
1884 685 1991 725 priori
2017 685 2059 717 do
2077 684 2222 724 Paredo,
2240 685 2383 717 AEduen.

784 744 843 781 di.,
862 753 899 774 ac
915 743 1040 774 archid.
1060 742 1226 774 parisien.
1242 741 1322 772 eccl.
1339 740 1389 781 (A.
1404 741 1453 776 18,
1467 739 1489 771 s.
1504 740 1559 771 151
1577 738 1608 776 b;
1631 738 1664 769 V.
1681 741 1732 776 74,
1748 747 1801 779 ep.
1820 739 1904 777 202.)

832 794 965 825 16705.
984 814 1019 819 -
1031 795 1145 827 Joonm'
1159 794 1195 825 de
1208 794 1346 835 Beyries,
1365 793 1516 825 sacristae
1531 791 1613 823 eccl.
1629 791 1837 830 Narbonem,
1855 800 1932 832 nep.
1949 791 2127 824 Guillelmi
2141 791 2210 832 ep.i
2224 790 2384 824 Sabinou.

785 849 943 889 supplic„
961 848 1155 888 indulgetur
1170 851 1215 885 ut,
1232 846 1421 878 insistendo
1438 846 1631 877 litterarum
1642 845 1756 877 studio
1773 845 1808 876 in
1823 845 1897 876 loco
1911 844 1971 876 ubi
1985 845 2072 877 illud
2087 845 2200 886 vigeat
2215 843 2383 886 generale,

784 903 837 933 vel
853 902 1032 933 residendo
1048 902 1082 932 in
1101 901 1215 940 aliquo
1239 899 1350 931 benef.
1374 907 1527 936 suorum,
1549 898 1680 930 fructus
1700 898 1852 930 eorumd.
1869 906 1979 939 usque
1995 898 2038 930 ad
2053 898 2242 930 triennium
2255 897 2386 939 integro

785 955 962 994 percipiat.
978 973 1015 978 —
1040 955 1066 985 I.
1082 963 1111 985 e.
1129 963 1174 984 m.
1193 953 1268 984 abb.
1295 954 1441 984 monast.
1467 952 1676 988 Cluniacen..
1700 952 1922 984 Matisconen.
1946 952 2005 989 di.,
2032 953 2066 984 et
2081 946 2208 984 decano
2231 950 2386 992 Engotis·

783 1017 885 1044 men„
902 1017 939 1038 ac
954 1007 1081 1038 archid.
1105 1007 1146 1038 de
1165 1007 1328 1038 Pardiaco
1345 1006 1507 1037 Auxitan.
1524 1005 1604 1037 eccl.
1623 1005 1676 1044 (A.
1691 1007 1741 1042 18,
1758 1005 1781 1037 f.
1799 1005 1857 1036 188
1874 1005 1907 1042 Β,
1928 1005 1966 1037 V.
1983 1007 2034 1043 74,
2045 1013 2099 1045 ep.
2116 1006 2202 1044 227.)

829 1058 961 1089 16706.
982 1077 1020 1083 -
1036 1059 1178 1091 Arnaldo
1196 1059 1233 1090 de
1252 1059 1387 1096 Varesio,
1404 1059 1540 1090 Aubereo
1555 1058 1592 1090 de
1607 1057 1765 1090 Onzeliuco
1778 1063 1807 1090 et
1821 1058 1918 1090 Iter-io
1935 1057 2093 1096 Manhani,
2107 1067 2176 1090 can.
2192 1057 2384 1089 Xanceom.

783 1113 870 1151 eccl„
888 1114 1000 1145 mand.
1013 1115 1049 1145 ut
1062 1114 1165 1145 citent
1180 1113 1402 1153 Aiquelinum
1414 1112 1580 1153 Ayraudi,
1596 1111 1673 1144 abb.
1684 1114 1830 1144 monast.
1846 1112 2073 1150 Planaesilvae,
2086 1111 2385 1148 Praemonstraton.

783 1167 868 1205 ord.‚
904 1167 1126 1207 Burdegalen.
1159 1167 1219 1203 di.,
1252 1168 1390 1207 propter
1425 1166 1707 1206 dilapidationem
1736 1166 1891 1206 aliosque
1919 1173 2084 1198 excessus
2112 1165 2261 1206 graviter
2289 1163 2386 1196 diffa-

783 1222 923 1252 matum.
942 1220 993 1259 (A.
1017 1222 1065 1257 18,
1086 1220 1109 1252 f.
1125 1222 1184 1252 276
1199 1220 1233 1257 ¹³3
1257 1219 1291 1251 V.
1310 1222 1360 1258 74,
1380 1229 1433 1260 ep.
1451 1221 1536 1259 383.)

829 1271 964 1303 16707.
981 1293 1019 1298 -
1038 1274 1131 1305 Petro
1155 1273 1275 1304 Natalis
1292 1274 1380 1306 conf.
1399 1273 1535 1313 paroch.
1560 1273 1640 1305 eccl.
1659 1273 1870 1311 Corsenien„
1895 1273 2031 1305 Sorren.
2049 1272 2109 1308 di.,
2135 1280 2206 1304 vac.
2224 1280 2284 1312 per
2301 1270 2384 1304 obit.

782 1335 834 1367 ap.
852 1328 885 1359 S.
902 1329 942 1359 A.
959 1327 1133 1359 Francisci
1158 1327 1253 1359 Petri
1277 1345 1314 1351 —
1328 1328 1356 1359 Ι.
1373 1336 1403 1359 e.
1422 1336 1467 1359 m.
1486 1335 1563 1367 ep.o
1580 1326 1786 1364 Sisarcben.,
1802 1328 1836 1358 et
1853 1326 1980 1358 decano
1996 1334 2024 1358 s.
2041 1325 2193 1366 Agricoli
2209 1324 2385 1363 Avinion.,

782 1389 819 1412 30
834 1381 980 1413 Geraldo
997 1381 1038 1412 de
1055 1381 1150 1419 Lalo,
1174 1390 1245 1412 can.
1265 1381 1517 1413 Claromonten.
1533 1380 1614 1412 eccl.
1630 1380 1682 1421 (A.
1701 1381 1752 1418 18,
1769 1379 1793 1411 1.
1811 1381 1868 1412 137
1884 1379 1899 1401 b
1910 1388 1920 1418 ;
1941 1379 1977 1411 V.
1997 1381 2048 1417 74,
2066 1387 2118 1420 ep.
2137 1380 2222 1419 188.)

830 1431 964 1464 16708.
983 1451 1021 1456 -
1037 1434 1197 1474 Bernqrdo
1216 1434 1343 1466 sicardi
1366 1434 1479 1466 collat.
1494 1442 1612 1466 canon.
1630 1435 1664 1465 et
1682 1433 1786 1473 praeb.
1804 1433 1885 1465 eccl.
1905 1442 1933 1464 s.
1954 1432 2094 1474 Georgii
2115 1432 2152 1464 in
2170 1431 2303 1464 Palatio
2314 1431 2385 1464 Mo·

782 1488 967 1525 diolanen.,
978 1497 1049 1519 vac.
1066 1496 1126 1527 per
1139 1487 1221 1519 obit.
1235 1487 1410 1519 Francisci
1422 1488 1527 1523 Petri,
1540 1496 1593 1527 ap.
1608 1487 1643 1519 S.
1662 1488 1702 1519 A.
1717 1486 1878 1522 defuncti.
1889 1503 1928 1509 —
1941 1486 1967 1518 Ι.
1985 1495 2015 1518 e.
2032 1494 2078 1518 m.
2097 1486 2224 1518 decano
2239 1493 2268 1517 s.
2285 1485 2382 1526 Agri·

782 1542 847 1573 coli
865 1542 1089 1576 Avenionen.,
1106 1543 1139 1572 et
1162 1541 1309 1573 Geraldo
1327 1541 1367 1572 de
1392 1541 1488 1579 Lalo,
1509 1541 1774 1576 Claromonten.,
1794 1549 1831 1572 ac
1850 1540 2009 1572 Goffredo
2025 1540 2139 1576 Morae,
2156 1539 2384 1571 Mediolanen.

755 1640 756 1643 Ἴ
782 1604 853 1627 can.
870 1595 951 1626 eccl.
971 1595 1024 1635 (A.
1043 1595 1092 1632 18,
1112 1595 1133 1626 f.
1154 1596 1211 1626 183
1229 1600 1259 1631 ⁸3
1285 1594 1319 1626 V.
1338 1597 1387 1633 74,
1407 1603 1460 1634 ep.
1479 1594 1564 1634 192.)

828 1646 964 1678 16709.
983 1666 1020 1671 -
1037 1648 1184 1689 Greqorio
1204 1648 1273 1678 abb.
1290 1652 1420 1679 monast.
1442 1657 1467 1679 s,
1486 1646 1579 1678 Pauli
1598 1647 1634 1678 de
1653 1646 1744 1685 Urbe,
1770 1647 1812 1678 ad
1835 1647 1877 1679 R.
1895 1647 1934 1678 E.
1952 1646 2048 1678 nullo
2064 1645 2175 1678 medio
2189 1645 2326 1686 pertin„
2342 1645 2382 1678 Ο.

781 1702 814 1734 S.
834 1703 885 1739 Β.,
905 1702 1156 1733 testimoniales
1172 1701 1430 1733 benedictionis.
1449 1701 1501 1740 (A.
1514 1702 1563 1736 18,
1583 1700 1606 1731 1.
1624 1702 1682 1733 186
1698 1700 1733 1738 ¹³;
1755 1699 1791 1732 V.
1810 1702 1860 1737 7-1,
1878 1708 1931 1740 ep.
1950 1699 2036 1740 215.)

827 1753 961 1784 16710.
981 1773 1018 1778 -
1035 1755 1114 1786 Abb.
1132 1759 1261 1786 monast.
1284 1765 1308 1784 s.
1329 1755 1458 1786 loannis
1472 1754 1684 1794 Anqeliacen„
1702 1758 1730 1784 et
1751 1753 1788 1785 de
1803 1753 1921 1793 Mauze,
1936 1753 2128 1784 Xanctonen.
2145 1751 2204 1790 di.,
2221 1762 2255 1783 ac
2274 1762 2299 1783 ε.
2317 1751 2386 1784 Eu·

782 1809 878 1849 lropii
894 1808 1083 1839 Xcmclonen.
1102 1808 1172 1839 eccl.
1194 1808 1353 1849 prioribus
1369 1808 1482 1839 mand.
1506 1817 1567 1848 pro
1583 1809 1714 1848 Agnete
1739 1807 1915 1839 abbatissa
1935 1807 2081 1838 monast.
2109 1807 2148 1838 B.
2173 1805 2219 1837 M.
2237 1806 2385 1838 Xancto·

753 1883 755 1892 .
782 1870 873 1898 nen.,
894 1863 935 1893 ad
950 1863 991 1894 R.
1011 1863 1049 1893 E.
1067 1862 1161 1893 nullo
1186 1862 1298 1894 medio
1317 1862 1455 1902 pertin„
1476 1862 1515 1894 Ο.
1535 1861 1568 1893 S.
1586 1862 1637 1898 Β.,
1661 1862 1779 1892 contra
1804 1860 1980 1892 Isabellim
2000 1860 2042 1892 de
2062 1859 2288 1900 Massojacere
2314 1867 2384 1892 mo·

781 1915 907 1946 nialem
923 1916 1006 1946 dicti
1027 1917 1184 1952 monast„
1211 1915 1293 1946 olim
1310 1915 1511 1955 priorissam
1535 1915 1705 1954 prioratus
1731 1923 1759 1945 s.
1775 1913 1936 1954 Dionysii
1960 1913 2001 1945 de
2022 1913 2180 1951 merone,
2198 1913 2280 1945 dicti
2295 1913 2382 1951 ord„

781 1962 993 2000 Xanctonen.
1018 1969 1076 2005 di.,
1104 1977 1206 2008 super
1228 1968 1304 2008 Jure
1330 1968 1478 2007 ponendi
1505 1969 1538 1999 et
1562 1967 1741 1999 amovendi
1767 1966 1953 2007 priorissas
1978 1966 2015 1998 in
2039 1966 2130 1998 dioto
2153 1966 2318 2006 prioratu,
2339 1965 2384 1998 ad

781 2022 957 2062 praefatam
975 2022 1185 2053 abbatissam
1203 2023 1387 2062 spectante.
1407 2021 1460 2060 (A.
1479 2022 1528 2059 18,
1546 2021 1569 2052 f.
1586 2023 1641 2053 191
1659 2021 1691 2057 ¹²3
1715 2020 1748 2052 V.
1766 2023 1816 2058 74,
1836 2029 1888 2061 ep.
1906 2020 1994 2059 235.)

827 2073 960 2104 16711.
985 2094 1022 2100 -
1039 2075 1267 2106 Archambaldo
1289 2085 1359 2116 epo
1373 2085 1397 2105 s.
1417 2074 1516 2112 Flori,
1533 2075 1802 2106 administratori
1826 2074 1863 2105 in
1885 2072 2125 2114 spiritualibus
2142 2073 2176 2105 et
2190 2072 2384 2114 temporali·

782 2128 848 2160 hus
870 2130 1015 2160 monast.
1040 2128 1266 2166 Aureliaeen„
1283 2129 1324 2160 ad
1342 2129 1384 2160 R.
1402 2128 1440 2159 E.
1461 2128 1555 2160 nullo
1575 2128 1688 2160 medio
1712 2127 1851 2168 pertIn„
1873 2127 1913 2160 Ο.
1931 2127 1965 2159 S.
1984 2127 2036 2165 Β.,
2052 2135 2080 2158 s.
2097 2126 2191 2159 Flori
2206 2126 2266 2164 di.,
2287 2134 2381 2159 conc.

780 2183 933 2222 potestas
952 2183 1109 2222 exigendi
1129 2182 1341 2214 moderatum
1364 2182 1556 2213 subsidium
1574 2181 1616 2213 ab
1642 2181 1802 2213 omnibus
1821 2182 1855 2213 et
1879 2180 2026 2221 singulis
2045 2179 2202 2221 personis
2218 2179 2383 2212 beneficia

778 2236 843 2267 eid.
861 2236 1006 2267 monast.
1024 2236 1176 2275 subjecta
1189 2235 1432 2267 obtinentibus.
1450 2235 1504 2275 (A.
1520 2235 1571 2271 18,
1588 2235 1611 2266 f.
1629 2237 1687 2267 163
1702 2240 1734 2272 ³;
1753 2235 1790 2266 V.
1807 2236 1858 2272 74,
1878 2243 1931 2274 ep.
1952 2235 2012 2266 256
2026 2233 2083 2274 Α.)

824 2286 960 2318 16712.
974 2306 1012 2311 -
1028 2289 1253 2320 Archambaldo
1270 2298 1341 2330 ep.o
1353 2299 1377 2320 s.
1396 2288 1482 2319 Flori
1497 2297 1588 2320 conc.
1607 2288 1734 2319 similis
1744 2289 1896 2328 potestas
1911 2287 2023 2328 quoad
2035 2286 2202 2319 beneficia
2217 2295 2288 2318 suae
2299 2285 2380 2318 eccl.

779 2341 939 2381 subjecta.
956 2361 994 2365 —
1008 2343 1036 2374 Ι.
1051 2351 1081 2373 e.
1099 2351 1145 2374 m.
1163 2343 1250 2382 ep.is
1275 2343 1414 2374 Trecen.
1436 2343 1470 2373 et
1491 2342 1670 2379 Sarlaten.‚
1697 2350 1735 2373 ac
1754 2341 1882 2373 decano
1904 2340 1985 2373 eccl.
2006 2340 2238 2381 Engolismen.
2259 2340 2313 2381 (A.
2329 2341 2379 2378 18,

778 2395 800 2425 f.
819 2396 877 2427 163
893 2395 926 2432 ὓς
953 2395 984 2427 V.
1002 2399 1051 2433 74,
1068 2405 1121 2436 ep.
1137 2397 1196 2428 256
1211 2397 1264 2435 Β.)

824 2446 960 2478 16713.
986 2467 1025 2472 -—
1049 2449 1179 2480 Are-hid.
1206 2449 1377 2487 parisien„
1401 2453 1430 2479 et
1456 2454 1536 2480 cant.
1565 2447 1809 2486 maromontem,
1834 2457 1871 2478 ac
1896 2457 1979 2488 may.
2002 2446 2096 2477 Petro
2118 2445 2284 2484 maceratis,
2309 2455 2381 2478 can.

783 2502 938 2533 Vivarien.
956 2502 1043 2540 eccl„
1058 2503 1170 2534 mand.
1183 2504 1220 2534 ut
1233 2503 1428 2543 Philippoto
1445 2502 1603 2539 Porterii,
1621 2501 1702 2534 cler.
1717 2501 1961 2541 Rothomagen.
1977 2500 2037 2538 di.,
2054 2500 2230 2532 conferant
2242 2499 2379 2539 paroch.

777 2556 858 2587 eccl.
875 2565 904 2587 s.
924 2556 1016 2587 Petri
1032 2557 1073 2587 de
1087 2556 1319 2593 Grandevilla,
1337 2556 1434 2587 dictae
1449 2556 1508 2593 di.,
1525 2564 1585 2595 per
1602 2555 1817 2594 adeptionem
1832 2554 1966 2594 paroch.
1985 2553 2067 2585 eccl.
2084 2553 2125 2585 de
2149 2553 2381 2592 Anzerevilla,

778 2608 884 2648 eJusd.
905 2609 965 2646 di.,
981 2609 1119 2649 Hugoni
1134 2609 1174 2640 de
1195 2609 1349 2641 Sassetot
1370 2618 1390 2640 a
1405 2608 1569 2640 Pontifice
1591 2607 1723 2640 collatae
1746 2608 1935 2639 vacantem.
1960 2607 2012 2646 (A.
2031 2608 2079 2644 18,
2098 2606 2121 2638 f.
2142 2607 2203 2638 210
2217 2605 2252 2642 ”5
2275 2605 2310 2637 V.
2327 2608 2378 2645 74,

778 2671 830 2702 ep.
848 2663 933 2700 294.)

825 2712 961 2745 16714.
978 2732 1015 2737 -
1029 2716 1114 2756 May.
1133 2714 1294 2747 Guillelmo
1317 2714 1355 2746 de
1374 2714 1540 2756 Moylianis
1555 2714 1670 2746 collat.
1687 2722 1805 2745 canon.
1824 2713 1888 2745 sub
1902 2722 1999 2754 exsp.
2024 2713 2127 2754 praeb.
2145 2713 2226 2745 eccl.
2241 2712 2381 2745 Ambia-

777 2777 854 2800 nen.
872 2778 881 2806 ;
898 2777 965 2799 non
982 2768 1070 2800 obst.
1087 2777 1217 2805 canon„
1234 2768 1338 2808 praeb.
1355 2770 1388 2800 et
1403 2768 1555 2800 cantoria
1570 2767 1650 2799 eccl.
1665 2767 1832 2799 Morinen.
1845 2785 1883 2789 —
1898 2767 1926 2798 Ι.
1943 2776 1972 2799 e.
1988 2776 2034 2798 m.
2052 2766 2179 2798 archid.
2197 2766 2379 2805 Parisien.,

778 2822 810 2852 et
827 2823 915 2853 cant.
933 2821 1197 2860 claromontem,
1222 2830 1259 2853 ac
1278 2830 1365 2861 mag.
1390 2821 1491 2853 Petro
1513 2820 1685 2852 Placentis
1703 2829 1777 2852 can.
1795 2820 1968 2853 Vivarien.
1987 2820 2068 2852 eccl.
2087 2819 2141 2861 (A.
2164 2821 2212 2857 18,
2230 2820 2254 2850 f.
2272 2821 2330 2851 172
2343 2824 2378 2858 ·;

783 2874 816 2905 V.
832 2877 882 2911 74,
900 2884 952 2914 ep.
967 2876 1052 2913 300.)

824 2925 960 2957 16715.
979 2946 1019 2951 -
1035 2927 1192 2959 Fulcaudo
1209 2927 1245 2958 de
1258 2927 1472 2968 Rupecavardi
1485 2928 1597 2959 collat.
1615 2936 1732 2959 canon.
1749 2927 1814 2958 sub
1829 2935 1925 2967 exsp.
1943 2926 2046 2967 praeb.
2063 2926 2177 2958 saecul.
2192 2926 2273 2958 eccl.
2287 2926 2378 2958 Dau-

778 2982 898 3018 raten.,
916 2981 1128 3013 Lemovicen.
1154 2981 1213 3017 di.,
1235 2980 1444 3012 instantibus
1459 2980 1535 3012 abb.
1554 2982 1586 3013 et
1604 2981 1705 3020 capit.
1729 2980 1840 3021 ipsius
1860 2980 1941 3012 eccl.
1964 2997 2004 3003 —
2021 2979 2047 3011 Ι.
2065 2988 2094 3012 e.
2112 2988 2158 3011 m.
2176 2979 2302 3011 decano
2318 2979 2380 3011 Lo-
