<?xml version="1.0" encoding="UTF-8"?>
<!DOCTYPE html PUBLIC "-//W3C//DTD XHTML 1.0 Transitional//EN"
    "http://www.w3.org/TR/xhtml1/DTD/xhtml1-transitional.dtd">
<html xmlns="http://www.w3.org/1999/xhtml" xml:lang="en" lang="en">
 <head>
  <title>
</title>
<meta http-equiv="Content-Type" content="text/html;charset=utf-8" />
  <meta name='ocr-system' content='tesseract 3.04.00' />
  <meta name='ocr-capabilities' content='ocr_page ocr_carea ocr_par ocr_line ocrx_word'/>
</head>
<body>
  <div class='ocr_page' id='page_1' title='image "./lettrescommunes04romeuoft_0068.png"; bbox 0 0 2592 3528; ppageno 0'>
   <div class='ocr_carea' id='block_1_1' title="bbox 411 271 449 302">
    <p class='ocr_par' dir='ltr' id='par_1_1' title="bbox 411 271 449 302">
     <span class='ocr_line' id='line_1_1' title="bbox 411 271 449 302; baseline 0 0"><span class='ocrx_word' id='word_1_1' title='bbox 411 271 449 302; x_wconf 83' lang='lat'>58</span> 
     </span>
    </p>
   </div>
   <div class='ocr_carea' id='block_1_2' title="bbox 441 357 753 390">
    <p class='ocr_par' dir='ltr' id='par_1_2' title="bbox 441 357 753 390">
     <span class='ocr_line' id='line_1_2' title="bbox 441 357 753 390; baseline -0.003 -1"><span class='ocrx_word' id='word_1_2' title='bbox 441 363 542 389; x_wconf 79' lang='lat' dir='ltr'>Datum</span> <span class='ocrx_word' id='word_1_3' title='bbox 574 357 753 390; x_wconf 76' lang='lat' dir='ltr'>Avenione.</span> 
     </span>
    </p>
   </div>
   <div class='ocr_carea' id='block_1_3' title="bbox 560 427 637 432">
    <p class='ocr_par' dir='ltr' id='par_1_3' title="bbox 560 427 637 432">
     <span class='ocr_line' id='line_1_3' title="bbox 560 427 637 432; baseline 0 0"><span class='ocrx_word' id='word_1_4' title='bbox 560 427 637 432; x_wconf 95' lang='lat' dir='ltr'> </span> 
     </span>
    </p>
   </div>
   <div class='ocr_carea' id='block_1_4' title="bbox 483 463 712 580">
    <p class='ocr_par' dir='ltr' id='par_1_4' title="bbox 483 463 712 580">
     <span class='ocr_line' id='line_1_4' title="bbox 483 463 712 498; baseline -0.004 -8"><span class='ocrx_word' id='word_1_5' title='bbox 483 464 522 491; x_wconf 90' lang='grc'>30</span> <span class='ocrx_word' id='word_1_6' title='bbox 537 463 602 498; x_wconf 79' lang='lat' dir='ltr'><strong>jan.</strong></span> <span class='ocrx_word' id='word_1_7' title='bbox 625 463 712 490; x_wconf 73' lang='lat'><strong>1322.</strong></span> 
     </span>
     <span class='ocr_line' id='line_1_5' title="bbox 491 507 702 544; baseline -0.014 -8"><span class='ocrx_word' id='word_1_8' title='bbox 491 510 537 544; x_wconf 85' lang='grc' dir='ltr'>(ιιι</span> <span class='ocrx_word' id='word_1_9' title='bbox 558 509 616 535; x_wconf 77' lang='lat' dir='ltr'><strong>kal.</strong></span> <span class='ocrx_word' id='word_1_10' title='bbox 635 507 702 540; x_wconf 81' lang='lat' dir='ltr'><strong>sch.)</strong></span> 
     </span>
     <span class='ocr_line' id='line_1_6' title="bbox 549 553 650 580; baseline -0.01 0"><span class='ocrx_word' id='word_1_11' title='bbox 549 553 579 580; x_wconf 91' lang='lat' dir='ltr'>T.</span> <span class='ocrx_word' id='word_1_12' title='bbox 597 553 650 579; x_wconf 72' lang='lat' dir='ltr'><strong>xi..</strong></span> 
     </span>
    </p>
   </div>
   <div class='ocr_carea' id='block_1_5' title="bbox 509 783 685 858">
    <p class='ocr_par' dir='ltr' id='par_1_5' title="bbox 509 783 685 858">
     <span class='ocr_line' id='line_1_7' title="bbox 561 783 634 809; baseline -0.014 0"><span class='ocrx_word' id='word_1_13' title='bbox 561 783 594 809; x_wconf 82' lang='lat' dir='ltr'>Ut</span> <span class='ocrx_word' id='word_1_14' title='bbox 611 791 634 809; x_wconf 88' lang='lat' dir='ltr'>s.</span> 
     </span>
     <span class='ocr_line' id='line_1_8' title="bbox 509 826 685 858; baseline -0.011 -4"><span class='ocrx_word' id='word_1_15' title='bbox 509 827 539 854; x_wconf 90' lang='lat' dir='ltr'>T.</span> <span class='ocrx_word' id='word_1_16' title='bbox 554 827 598 858; x_wconf 69' lang='lat' dir='ltr'>xl,</span> <span class='ocrx_word' id='word_1_17' title='bbox 616 826 685 853; x_wconf 94' lang='lat' dir='ltr'><strong>XIII.</strong></span> 
     </span>
    </p>
   </div>
   <div class='ocr_carea' id='block_1_6' title="bbox 539 942 649 1118">
    <p class='ocr_par' dir='ltr' id='par_1_6' title="bbox 539 942 649 1118">
     <span class='ocr_line' id='line_1_9' title="bbox 558 942 635 969; baseline -0.013 0"><span class='ocrx_word' id='word_1_18' title='bbox 558 942 591 969; x_wconf 84' lang='lat' dir='ltr'>Ut</span> <span class='ocrx_word' id='word_1_19' title='bbox 612 950 635 968; x_wconf 86' lang='lat' dir='ltr'>s.</span> 
     </span>
     <span class='ocr_line' id='line_1_10' title="bbox 541 985 649 1012; baseline -0.009 0"><span class='ocrx_word' id='word_1_20' title='bbox 541 987 570 1012; x_wconf 92' lang='lat' dir='ltr'>T.</span> <span class='ocrx_word' id='word_1_21' title='bbox 592 985 649 1012; x_wconf 89' lang='lat' dir='ltr'><strong>XII.</strong></span> 
     </span>
     <span class='ocr_line' id='line_1_11' title="bbox 556 1047 633 1074; baseline -0.013 0"><span class='ocrx_word' id='word_1_22' title='bbox 556 1047 590 1074; x_wconf 85' lang='lat' dir='ltr'>Ut</span> <span class='ocrx_word' id='word_1_23' title='bbox 611 1055 633 1073; x_wconf 88' lang='lat' dir='ltr'>s.</span> 
     </span>
     <span class='ocr_line' id='line_1_12' title="bbox 539 1091 649 1118; baseline -0.009 0"><span class='ocrx_word' id='word_1_24' title='bbox 539 1091 568 1118; x_wconf 87' lang='grc' dir='ltr'>Τ.</span> <span class='ocrx_word' id='word_1_25' title='bbox 591 1091 649 1117; x_wconf 87' lang='lat' dir='ltr'><strong>XII.</strong></span> 
     </span>
    </p>
   </div>
   <div class='ocr_carea' id='block_1_7' title="bbox 501 1208 685 1285">
    <p class='ocr_par' dir='ltr' id='par_1_7' title="bbox 501 1208 685 1285">
     <span class='ocr_line' id='line_1_13' title="bbox 554 1208 631 1235; baseline -0.013 0"><span class='ocrx_word' id='word_1_26' title='bbox 554 1208 589 1235; x_wconf 88' lang='lat' dir='ltr'>Ut</span> <span class='ocrx_word' id='word_1_27' title='bbox 607 1216 631 1235; x_wconf 90' lang='lat' dir='ltr'>s.</span> 
     </span>
     <span class='ocr_line' id='line_1_14' title="bbox 501 1252 685 1285; baseline -0.005 -5"><span class='ocrx_word' id='word_1_28' title='bbox 501 1253 532 1280; x_wconf 89' lang='lat' dir='ltr'>T.</span> <span class='ocrx_word' id='word_1_29' title='bbox 550 1253 595 1285; x_wconf 86' lang='lat' dir='ltr'>XI,</span> <span class='ocrx_word' id='word_1_30' title='bbox 612 1252 685 1279; x_wconf 90' lang='lat' dir='ltr'><strong>XIII.</strong></span> 
     </span>
    </p>
   </div>
   <div class='ocr_carea' id='block_1_8' title="bbox 479 1420 706 1536">
    <p class='ocr_par' dir='ltr' id='par_1_8' title="bbox 479 1420 706 1536">
     <span class='ocr_line' id='line_1_15' title="bbox 479 1420 706 1454; baseline 0 -7"><span class='ocrx_word' id='word_1_31' title='bbox 479 1420 516 1447; x_wconf 82' lang='grc'>31</span> <span class='ocrx_word' id='word_1_32' title='bbox 532 1420 597 1454; x_wconf 72' lang='lat' dir='ltr'><strong>Jan.</strong></span> <span class='ocrx_word' id='word_1_33' title='bbox 619 1420 706 1447; x_wconf 70' lang='lat'><strong>1322.</strong></span> 
     </span>
     <span class='ocr_line' id='line_1_16' title="bbox 498 1465 689 1501; baseline -0.01 -9"><span class='ocrx_word' id='word_1_34' title='bbox 498 1470 531 1501; x_wconf 87' lang='grc' dir='ltr'>(ιι</span> <span class='ocrx_word' id='word_1_35' title='bbox 547 1465 605 1492; x_wconf 84' lang='lat' dir='ltr'><strong>kal.</strong></span> <span class='ocrx_word' id='word_1_36' title='bbox 621 1465 689 1496; x_wconf 85' lang='lat' dir='ltr'><strong>feb.)</strong></span> 
     </span>
     <span class='ocr_line' id='line_1_17' title="bbox 522 1509 662 1536; baseline -0.007 0"><span class='ocrx_word' id='word_1_37' title='bbox 522 1509 551 1536; x_wconf 91' lang='lat' dir='ltr'>T.</span> <span class='ocrx_word' id='word_1_38' title='bbox 569 1509 662 1536; x_wconf 85' lang='lat' dir='ltr'><strong>XXIV.</strong></span> 
     </span>
    </p>
   </div>
   <div class='ocr_carea' id='block_1_9' title="bbox 449 1580 736 1652">
    <p class='ocr_par' dir='ltr' id='par_1_9' title="bbox 449 1580 736 1652">
     <span class='ocr_line' id='line_1_18' title="bbox 449 1580 736 1615; baseline 0.003 -8"><span class='ocrx_word' id='word_1_39' title='bbox 449 1582 462 1607; x_wconf 79' lang='grc'>1</span> <span class='ocrx_word' id='word_1_40' title='bbox 478 1580 563 1615; x_wconf 83' lang='lat' dir='ltr'><strong>(kal.)</strong></span> <span class='ocrx_word' id='word_1_41' title='bbox 575 1580 628 1614; x_wconf 82' lang='lat' dir='ltr'><strong>seb.</strong></span> <span class='ocrx_word' id='word_1_42' title='bbox 648 1580 736 1608; x_wconf 72' lang='lat'><strong>1322.</strong></span> 
     </span>
     <span class='ocr_line' id='line_1_19' title="bbox 539 1625 644 1652; baseline 0 -1"><span class='ocrx_word' id='word_1_43' title='bbox 539 1625 568 1652; x_wconf 94' lang='lat' dir='ltr'>T.</span> <span class='ocrx_word' id='word_1_44' title='bbox 587 1625 644 1651; x_wconf 85' lang='lat' dir='ltr'><strong>XII.</strong></span> 
     </span>
    </p>
   </div>
   <div class='ocr_carea' id='block_1_10' title="bbox 541 1793 643 1865">
    <p class='ocr_par' dir='ltr' id='par_1_10' title="bbox 541 1793 643 1865">
     <span class='ocr_line' id='line_1_20' title="bbox 559 1793 636 1819; baseline 0 0"><span class='ocrx_word' id='word_1_45' title='bbox 559 1793 593 1819; x_wconf 85' lang='lat' dir='ltr'>Ut</span> <span class='ocrx_word' id='word_1_46' title='bbox 613 1801 636 1819; x_wconf 83' lang='lat' dir='ltr'>s.</span> 
     </span>
     <span class='ocr_line' id='line_1_21' title="bbox 541 1838 643 1865; baseline 0.01 -1"><span class='ocrx_word' id='word_1_47' title='bbox 541 1838 572 1864; x_wconf 89' lang='lat' dir='ltr'>T.</span> <span class='ocrx_word' id='word_1_48' title='bbox 586 1838 643 1865; x_wconf 88' lang='lat' dir='ltr'>XX.</span> 
     </span>
    </p>
   </div>
   <div class='ocr_carea' id='block_1_11' title="bbox 538 2166 643 2238">
    <p class='ocr_par' dir='ltr' id='par_1_11' title="bbox 538 2166 643 2238">
     <span class='ocr_line' id='line_1_22' title="bbox 550 2166 629 2193; baseline 0 0"><span class='ocrx_word' id='word_1_49' title='bbox 550 2166 586 2193; x_wconf 88' lang='lat' dir='ltr'>Ut</span> <span class='ocrx_word' id='word_1_50' title='bbox 607 2175 629 2193; x_wconf 89' lang='lat' dir='ltr'>s.</span> 
     </span>
     <span class='ocr_line' id='line_1_23' title="bbox 538 2211 643 2238; baseline 0.019 -2"><span class='ocrx_word' id='word_1_51' title='bbox 538 2211 569 2237; x_wconf 90' lang='lat' dir='ltr'>T.</span> <span class='ocrx_word' id='word_1_52' title='bbox 587 2211 643 2238; x_wconf 83' lang='lat' dir='ltr'>XX.</span> 
     </span>
    </p>
   </div>
   <div class='ocr_carea' id='block_1_12' title="bbox 527 2379 648 2450">
    <p class='ocr_par' dir='ltr' id='par_1_12' title="bbox 527 2379 648 2450">
     <span class='ocr_line' id='line_1_24' title="bbox 549 2379 625 2407; baseline 0 -1"><span class='ocrx_word' id='word_1_53' title='bbox 549 2379 583 2407; x_wconf 82' lang='lat' dir='ltr'>Ut</span> <span class='ocrx_word' id='word_1_54' title='bbox 602 2388 625 2406; x_wconf 86' lang='lat' dir='ltr'>s.</span> 
     </span>
     <span class='ocr_line' id='line_1_25' title="bbox 527 2423 648 2450; baseline 0.008 -1"><span class='ocrx_word' id='word_1_55' title='bbox 527 2423 558 2450; x_wconf 86' lang='lat' dir='ltr'>T.</span> <span class='ocrx_word' id='word_1_56' title='bbox 580 2424 648 2450; x_wconf 79' lang='lat' dir='ltr'><strong>xvi.</strong></span> 
     </span>
    </p>
   </div>
   <div class='ocr_carea' id='block_1_13' title="bbox 529 2591 650 2663">
    <p class='ocr_par' dir='ltr' id='par_1_13' title="bbox 529 2591 650 2663">
     <span class='ocr_line' id='line_1_26' title="bbox 550 2591 627 2618; baseline 0.013 -1"><span class='ocrx_word' id='word_1_57' title='bbox 550 2591 584 2617; x_wconf 85' lang='lat' dir='ltr'>Ut</span> <span class='ocrx_word' id='word_1_58' title='bbox 605 2600 627 2618; x_wconf 91' lang='lat' dir='ltr'>s.</span> 
     </span>
     <span class='ocr_line' id='line_1_27' title="bbox 529 2635 650 2663; baseline 0.017 -2"><span class='ocrx_word' id='word_1_59' title='bbox 529 2635 559 2662; x_wconf 89' lang='lat' dir='ltr'>T.</span> <span class='ocrx_word' id='word_1_60' title='bbox 581 2636 650 2663; x_wconf 87' lang='lat' dir='ltr'><strong>XVI.</strong></span> 
     </span>
    </p>
   </div>
   <div class='ocr_carea' id='block_1_14' title="bbox 527 2804 649 2876">
    <p class='ocr_par' dir='ltr' id='par_1_14' title="bbox 527 2804 649 2876">
     <span class='ocr_line' id='line_1_28' title="bbox 553 2804 625 2832; baseline 0.014 -1"><span class='ocrx_word' id='word_1_61' title='bbox 553 2804 588 2831; x_wconf 91' lang='lat' dir='ltr'>Ut</span> <span class='ocrx_word' id='word_1_62' title='bbox 603 2813 625 2832; x_wconf 87' lang='lat' dir='ltr'>s.</span> 
     </span>
     <span class='ocr_line' id='line_1_29' title="bbox 527 2848 649 2876; baseline 0.016 -2"><span class='ocrx_word' id='word_1_63' title='bbox 527 2848 557 2874; x_wconf 91' lang='lat' dir='ltr'>T.</span> <span class='ocrx_word' id='word_1_64' title='bbox 579 2849 649 2876; x_wconf 79' lang='lat' dir='ltr'><strong>XVI.</strong></span> 
     </span>
    </p>
   </div>
   <div class='ocr_carea' id='block_1_15' title="bbox 414 2908 764 2944">
    <p class='ocr_par' dir='ltr' id='par_1_15' title="bbox 414 2908 764 2944">
     <span class='ocr_line' id='line_1_30' title="bbox 414 2908 764 2944; baseline 0.014 -10"><span class='ocrx_word' id='word_1_65' title='bbox 414 2908 434 2934; x_wconf 83' lang='lat'><em>2</em></span> <span class='ocrx_word' id='word_1_66' title='bbox 448 2910 490 2942; x_wconf 91' lang='lat' dir='ltr'>(1v</span> <span class='ocrx_word' id='word_1_67' title='bbox 508 2909 587 2944; x_wconf 78' lang='lat' dir='ltr'>non.)</span> <span class='ocrx_word' id='word_1_68' title='bbox 603 2911 656 2944; x_wconf 79' lang='lat' dir='ltr'><strong>feb.</strong></span> <span class='ocrx_word' id='word_1_69' title='bbox 678 2912 764 2939; x_wconf 68' lang='lat'><strong>1322.</strong></span> 
     </span>
    </p>
   </div>
   <div class='ocr_carea' id='block_1_16' title="bbox 512 2953 667 2987">
    <p class='ocr_par' dir='ltr' id='par_1_16' title="bbox 512 2953 667 2987">
     <span class='ocr_line' id='line_1_31' title="bbox 512 2953 667 2987; baseline 0.019 -8"><span class='ocrx_word' id='word_1_70' title='bbox 512 2953 542 2980; x_wconf 86' lang='lat' dir='ltr'>T.</span> <span class='ocrx_word' id='word_1_71' title='bbox 560 2954 593 2987; x_wconf 88' lang='lat' dir='ltr'>X,</span> <span class='ocrx_word' id='word_1_72' title='bbox 610 2955 667 2982; x_wconf 85' lang='lat' dir='ltr'><strong>XII.</strong></span> 
     </span>
    </p>
   </div>
   <div class='ocr_carea' id='block_1_17' title="bbox 806 1382 811 2146">
    <p class='ocr_par' dir='ltr' id='par_1_17' title="bbox 806 1382 811 2146">
     <span class='ocr_line' id='line_1_32' title="bbox 806 1382 811 2146; baseline 0 0"><span class='ocrx_word' id='word_1_73' title='bbox 806 1382 811 2146; x_wconf 95' lang='lat' dir='ltr'> </span> 
     </span>
    </p>
   </div>
   <div class='ocr_carea' id='block_1_18' title="bbox 809 265 2038 306">
    <p class='ocr_par' dir='ltr' id='par_1_18' title="bbox 809 265 2038 306">
     <span class='ocr_line' id='line_1_33' title="bbox 809 265 2038 306; baseline -0.004 -6"><span class='ocrx_word' id='word_1_74' title='bbox 809 268 981 300; x_wconf 82' lang='lat' dir='ltr'><strong>JOANNIS</strong></span> <span class='ocrx_word' id='word_1_75' title='bbox 1006 268 1122 299; x_wconf 82' lang='lat' dir='ltr'><strong>PAPAE</strong></span> <span class='ocrx_word' id='word_1_76' title='bbox 1146 268 1246 299; x_wconf 87' lang='lat' dir='ltr'><strong>XXII.</strong></span> <span class='ocrx_word' id='word_1_77' title='bbox 1271 268 1519 306; x_wconf 57' lang='lat'><strong>(1816-1334).</strong></span> <span class='ocrx_word' id='word_1_78' title='bbox 1542 284 1580 290; x_wconf 88' lang='lat'>—</span> <span class='ocrx_word' id='word_1_79' title='bbox 1604 266 1790 296; x_wconf 82' lang='lat' dir='ltr'><strong>LITTERAE</strong></span> <span class='ocrx_word' id='word_1_80' title='bbox 1813 265 2038 296; x_wconf 87' lang='lat' dir='ltr'><strong>COMMUNES</strong></span> 
     </span>
    </p>
   </div>
   <div class='ocr_carea' id='block_1_19' title="bbox 831 457 2442 3008">
    <p class='ocr_par' dir='ltr' id='par_1_19' title="bbox 839 457 2442 764">
     <span class='ocr_line' id='line_1_34' title="bbox 884 457 2442 499; baseline 0.003 -11"><span class='ocrx_word' id='word_1_81' title='bbox 884 461 895 471; x_wconf 77' lang='lat'><em>¹</em></span> <span class='ocrx_word' id='word_1_82' title='bbox 921 457 1054 489; x_wconf 76' lang='grc'><strong>15036.</strong></span> <span class='ocrx_word' id='word_1_83' title='bbox 1073 477 1108 482; x_wconf 91' lang='grc'>-</span> <span class='ocrx_word' id='word_1_84' title='bbox 1129 459 1238 490; x_wconf 88' lang='lat' dir='ltr'><strong>Mand.</strong></span> <span class='ocrx_word' id='word_1_85' title='bbox 1259 458 1326 488; x_wconf 83' lang='lat' dir='ltr'><strong>abb.</strong></span> <span class='ocrx_word' id='word_1_86' title='bbox 1349 462 1476 488; x_wconf 83' lang='lat' dir='ltr'>monast.</span> <span class='ocrx_word' id='word_1_87' title='bbox 1501 457 1695 494; x_wconf 64' lang='lat' dir='ltr'>Cluniacen„</span> <span class='ocrx_word' id='word_1_88' title='bbox 1713 457 1911 490; x_wconf 72' lang='lat' dir='ltr'>Matisconen.</span> <span class='ocrx_word' id='word_1_89' title='bbox 1936 457 1993 495; x_wconf 83' lang='lat' dir='ltr'><strong>di.‚</strong></span> <span class='ocrx_word' id='word_1_90' title='bbox 2014 459 2052 490; x_wconf 83' lang='lat' dir='ltr'>ut</span> <span class='ocrx_word' id='word_1_91' title='bbox 2067 457 2144 491; x_wconf 72' lang='lat' dir='ltr'><strong>abb.</strong></span> <span class='ocrx_word' id='word_1_92' title='bbox 2165 460 2198 491; x_wconf 78' lang='lat' dir='ltr'>et</span> <span class='ocrx_word' id='word_1_93' title='bbox 2218 459 2350 499; x_wconf 78' lang='lat' dir='ltr'>priores</span> <span class='ocrx_word' id='word_1_94' title='bbox 2366 468 2442 492; x_wconf 86' lang='lat' dir='ltr'>con-</span> 
     </span>
     <span class='ocr_line' id='line_1_35' title="bbox 840 511 2442 552; baseline 0.001 -8"><span class='ocrx_word' id='word_1_95' title='bbox 840 514 1015 544; x_wconf 80' lang='lat' dir='ltr'>ventuales</span> <span class='ocrx_word' id='word_1_96' title='bbox 1031 513 1097 552; x_wconf 88' lang='lat' dir='ltr'>ipsi</span> <span class='ocrx_word' id='word_1_97' title='bbox 1116 512 1309 543; x_wconf 89' lang='lat' dir='ltr'>immediate</span> <span class='ocrx_word' id='word_1_98' title='bbox 1326 511 1495 550; x_wconf 82' lang='lat' dir='ltr'>subjectos</span> <span class='ocrx_word' id='word_1_99' title='bbox 1514 520 1551 541; x_wconf 84' lang='lat' dir='ltr'>ac</span> <span class='ocrx_word' id='word_1_100' title='bbox 1569 511 1655 541; x_wconf 86' lang='lat' dir='ltr'>alios</span> <span class='ocrx_word' id='word_1_101' title='bbox 1669 511 1816 550; x_wconf 86' lang='lat' dir='ltr'>majores</span> <span class='ocrx_word' id='word_1_102' title='bbox 1833 511 1965 551; x_wconf 82' lang='lat' dir='ltr'>priores</span> <span class='ocrx_word' id='word_1_103' title='bbox 1983 511 2036 543; x_wconf 87' lang='lat' dir='ltr'>vel</span> <span class='ocrx_word' id='word_1_104' title='bbox 2052 512 2197 544; x_wconf 84' lang='lat' dir='ltr'>decanos</span> <span class='ocrx_word' id='word_1_105' title='bbox 2211 513 2325 544; x_wconf 85' lang='lat' dir='ltr'>vocari</span> <span class='ocrx_word' id='word_1_106' title='bbox 2340 513 2442 546; x_wconf 84' lang='lat' dir='ltr'>faeiat</span> 
     </span>
     <span class='ocr_line' id='line_1_36' title="bbox 840 563 2440 606; baseline 0.001 -9"><span class='ocrx_word' id='word_1_107' title='bbox 840 567 874 597; x_wconf 91' lang='lat' dir='ltr'>in</span> <span class='ocrx_word' id='word_1_108' title='bbox 890 566 1038 606; x_wconf 82' lang='lat' dir='ltr'>generali</span> <span class='ocrx_word' id='word_1_109' title='bbox 1055 566 1154 604; x_wconf 80' lang='lat' dir='ltr'>capit.</span> <span class='ocrx_word' id='word_1_110' title='bbox 1174 566 1262 604; x_wconf 85' lang='lat' dir='ltr'>apud</span> <span class='ocrx_word' id='word_1_111' title='bbox 1277 564 1474 595; x_wconf 85' lang='lat' dir='ltr'>Cluniacum</span> <span class='ocrx_word' id='word_1_112' title='bbox 1494 563 1707 600; x_wconf 81' lang='lat' dir='ltr'>celebrando,</span> <span class='ocrx_word' id='word_1_113' title='bbox 1725 564 1767 594; x_wconf 87' lang='lat' dir='ltr'>ad</span> <span class='ocrx_word' id='word_1_114' title='bbox 1783 563 2048 596; x_wconf 84' lang='lat' dir='ltr'>examinandum</span> <span class='ocrx_word' id='word_1_115' title='bbox 2065 573 2126 596; x_wconf 86' lang='lat' dir='ltr'>eur</span> <span class='ocrx_word' id='word_1_116' title='bbox 2142 566 2269 597; x_wconf 81' lang='lat' dir='ltr'>statuta</span> <span class='ocrx_word' id='word_1_117' title='bbox 2285 574 2345 606; x_wconf 86' lang='lat' dir='ltr'>per</span> <span class='ocrx_word' id='word_1_118' title='bbox 2360 566 2440 599; x_wconf 82' lang='lat' dir='ltr'>Gre-</span> 
     </span>
     <span class='ocr_line' id='line_1_37' title="bbox 839 617 2441 660; baseline 0.001 -10"><span class='ocrx_word' id='word_1_119' title='bbox 839 620 971 658; x_wconf 83' lang='lat' dir='ltr'>gorium</span> <span class='ocrx_word' id='word_1_120' title='bbox 990 620 1054 649; x_wconf 84' lang='lat' dir='ltr'>PP.</span> <span class='ocrx_word' id='word_1_121' title='bbox 1074 619 1121 649; x_wconf 87' lang='lat' dir='ltr'>lX</span> <span class='ocrx_word' id='word_1_122' title='bbox 1141 618 1241 654; x_wconf 80' lang='lat' dir='ltr'>edita,</span> <span class='ocrx_word' id='word_1_123' title='bbox 1264 626 1322 656; x_wconf 90' lang='lat' dir='ltr'>per</span> <span class='ocrx_word' id='word_1_124' title='bbox 1343 617 1522 647; x_wconf 80' lang='lat' dir='ltr'>Nicolaum</span> <span class='ocrx_word' id='word_1_125' title='bbox 1540 617 1605 647; x_wconf 82' lang='lat' dir='ltr'>PP.</span> <span class='ocrx_word' id='word_1_126' title='bbox 1631 617 1679 648; x_wconf 91' lang='lat' dir='ltr'>lV</span> <span class='ocrx_word' id='word_1_127' title='bbox 1697 617 1894 649; x_wconf 86' lang='lat' dir='ltr'>confirmata</span> <span class='ocrx_word' id='word_1_128' title='bbox 1910 619 1942 649; x_wconf 89' lang='lat' dir='ltr'>et</span> <span class='ocrx_word' id='word_1_129' title='bbox 1963 617 2116 658; x_wconf 90' lang='lat' dir='ltr'>quolibet</span> <span class='ocrx_word' id='word_1_130' title='bbox 2131 626 2248 651; x_wconf 86' lang='lat' dir='ltr'>mense</span> <span class='ocrx_word' id='word_1_131' title='bbox 2265 618 2331 660; x_wconf 83' lang='lat' dir='ltr'>legi</span> <span class='ocrx_word' id='word_1_132' title='bbox 2346 628 2441 652; x_wconf 87' lang='lat' dir='ltr'>man-</span> 
     </span>
     <span class='ocr_line' id='line_1_38' title="bbox 840 671 2439 712; baseline 0.001 -9"><span class='ocrx_word' id='word_1_133' title='bbox 840 673 927 708; x_wconf 83' lang='lat' dir='ltr'>data,</span> <span class='ocrx_word' id='word_1_134' title='bbox 947 681 1005 702; x_wconf 86' lang='lat' dir='ltr'>nec</span> <span class='ocrx_word' id='word_1_135' title='bbox 1022 672 1178 711; x_wconf 85' lang='lat' dir='ltr'>leguntur</span> <span class='ocrx_word' id='word_1_136' title='bbox 1193 679 1251 701; x_wconf 83' lang='lat' dir='ltr'>nec</span> <span class='ocrx_word' id='word_1_137' title='bbox 1265 679 1325 709; x_wconf 90' lang='lat' dir='ltr'>pro</span> <span class='ocrx_word' id='word_1_138' title='bbox 1340 678 1461 709; x_wconf 78' lang='lat' dir='ltr'>magna</span> <span class='ocrx_word' id='word_1_139' title='bbox 1473 678 1588 700; x_wconf 85' lang='lat' dir='ltr'>eorum</span> <span class='ocrx_word' id='word_1_140' title='bbox 1603 672 1700 710; x_wconf 87' lang='lat' dir='ltr'>parte</span> <span class='ocrx_word' id='word_1_141' title='bbox 1716 672 1906 708; x_wconf 84' lang='lat' dir='ltr'>servantur,</span> <span class='ocrx_word' id='word_1_142' title='bbox 1923 673 1956 703; x_wconf 89' lang='lat' dir='ltr'>et</span> <span class='ocrx_word' id='word_1_143' title='bbox 1967 671 2136 712; x_wconf 88' lang='lat' dir='ltr'>quomodo</span> <span class='ocrx_word' id='word_1_144' title='bbox 2150 671 2279 704; x_wconf 85' lang='lat' dir='ltr'>dictum</span> <span class='ocrx_word' id='word_1_145' title='bbox 2293 675 2439 705; x_wconf 85' lang='lat' dir='ltr'>monast.</span> 
     </span>
     <span class='ocr_line' id='line_1_39' title="bbox 840 723 1956 764; baseline -0.002 -8"><span class='ocrx_word' id='word_1_146' title='bbox 840 734 858 756; x_wconf 92' lang='lat' dir='ltr'>a</span> <span class='ocrx_word' id='word_1_147' title='bbox 877 726 1000 756; x_wconf 86' lang='lat' dir='ltr'>debitis</span> <span class='ocrx_word' id='word_1_148' title='bbox 1015 725 1058 755; x_wconf 88' lang='lat' dir='ltr'>sit</span> <span class='ocrx_word' id='word_1_149' title='bbox 1076 724 1337 755; x_wconf 85' lang='lat' dir='ltr'>exonerandum.</span> <span class='ocrx_word' id='word_1_150' title='bbox 1362 723 1415 763; x_wconf 87' lang='lat' dir='ltr'>(A.</span> <span class='ocrx_word' id='word_1_151' title='bbox 1435 724 1484 757; x_wconf 86' lang='lat'>16,</span> <span class='ocrx_word' id='word_1_152' title='bbox 1501 723 1523 754; x_wconf 85' lang='lat' dir='ltr'>f.</span> <span class='ocrx_word' id='word_1_153' title='bbox 1545 725 1602 754; x_wconf 81' lang='lat'>153</span> <span class='ocrx_word' id='word_1_154' title='bbox 1616 728 1649 759; x_wconf 72' lang='lat'>¹·;</span> <span class='ocrx_word' id='word_1_155' title='bbox 1673 723 1710 755; x_wconf 87' lang='lat' dir='ltr'>V.</span> <span class='ocrx_word' id='word_1_156' title='bbox 1727 726 1776 761; x_wconf 89' lang='lat'>73,</span> <span class='ocrx_word' id='word_1_157' title='bbox 1797 733 1849 764; x_wconf 89' lang='lat' dir='ltr'>ep.</span> <span class='ocrx_word' id='word_1_158' title='bbox 1869 724 1956 764; x_wconf 82' lang='grc'><strong>369.)</strong></span> 
     </span>
    </p>

    <p class='ocr_par' dir='ltr' id='par_1_20' title="bbox 838 775 2442 926">
     <span class='ocr_line' id='line_1_40' title="bbox 885 775 2441 818; baseline 0.003 -12"><span class='ocrx_word' id='word_1_159' title='bbox 885 775 1017 806; x_wconf 80' lang='grc'><strong>15037.</strong></span> <span class='ocrx_word' id='word_1_160' title='bbox 1034 795 1070 800; x_wconf 88' lang='grc'>-</span> <span class='ocrx_word' id='word_1_161' title='bbox 1091 777 1211 808; x_wconf 88' lang='lat' dir='ltr'>Collat.</span> <span class='ocrx_word' id='word_1_162' title='bbox 1231 785 1349 807; x_wconf 87' lang='lat' dir='ltr'>canon.</span> <span class='ocrx_word' id='word_1_163' title='bbox 1368 776 1431 806; x_wconf 90' lang='lat' dir='ltr'>sub</span> <span class='ocrx_word' id='word_1_164' title='bbox 1452 785 1548 816; x_wconf 84' lang='lat' dir='ltr'><strong>exsp.</strong></span> <span class='ocrx_word' id='word_1_165' title='bbox 1567 777 1669 816; x_wconf 83' lang='lat' dir='ltr'><strong>praeb.</strong></span> <span class='ocrx_word' id='word_1_166' title='bbox 1698 777 1780 808; x_wconf 86' lang='lat' dir='ltr'><strong>eccl.</strong></span> <span class='ocrx_word' id='word_1_167' title='bbox 1799 778 1955 815; x_wconf 61' lang='lat' dir='ltr'>laticem,</span> <span class='ocrx_word' id='word_1_168' title='bbox 1972 778 2148 810; x_wconf 84' lang='lat' dir='ltr'>Brixinen.</span> <span class='ocrx_word' id='word_1_169' title='bbox 2167 779 2227 818; x_wconf 87' lang='lat' dir='ltr'><strong>di.‚</strong></span> <span class='ocrx_word' id='word_1_170' title='bbox 2248 778 2390 810; x_wconf 84' lang='lat' dir='ltr'>Conrado</span> <span class='ocrx_word' id='word_1_171' title='bbox 2404 779 2441 811; x_wconf 74' lang='lat' dir='ltr'>de</span> 
     </span>
     <span class='ocr_line' id='line_1_41' title="bbox 838 829 2442 871; baseline 0.002 -10"><span class='ocrx_word' id='word_1_172' title='bbox 838 831 937 871; x_wconf 72' lang='lat' dir='ltr'><strong>Eqra..</strong></span> <span class='ocrx_word' id='word_1_173' title='bbox 958 848 995 853; x_wconf 92' lang='lat'>—-</span> <span class='ocrx_word' id='word_1_174' title='bbox 1014 831 1037 861; x_wconf 95' lang='lat' dir='ltr'>I.</span> <span class='ocrx_word' id='word_1_175' title='bbox 1054 839 1081 861; x_wconf 91' lang='lat' dir='ltr'>e.</span> <span class='ocrx_word' id='word_1_176' title='bbox 1100 839 1143 860; x_wconf 85' lang='lat' dir='ltr'>m.</span> <span class='ocrx_word' id='word_1_177' title='bbox 1163 829 1239 860; x_wconf 78' lang='lat' dir='ltr'><strong>abl).</strong></span> <span class='ocrx_word' id='word_1_178' title='bbox 1258 831 1402 860; x_wconf 85' lang='lat' dir='ltr'>monast.</span> <span class='ocrx_word' id='word_1_179' title='bbox 1422 838 1450 859; x_wconf 89' lang='lat' dir='ltr'>s.</span> <span class='ocrx_word' id='word_1_180' title='bbox 1472 829 1622 869; x_wconf 82' lang='lat' dir='ltr'>Georgii,</span> <span class='ocrx_word' id='word_1_181' title='bbox 1640 831 1812 862; x_wconf 85' lang='lat' dir='ltr'>Brixinen.</span> <span class='ocrx_word' id='word_1_182' title='bbox 1832 831 1892 867; x_wconf 90' lang='lat' dir='ltr'><strong>di.‚</strong></span> <span class='ocrx_word' id='word_1_183' title='bbox 1916 833 1949 862; x_wconf 83' lang='lat' dir='ltr'>et</span> <span class='ocrx_word' id='word_1_184' title='bbox 1974 839 2077 871; x_wconf 86' lang='lat' dir='ltr'><strong>praep.</strong></span> <span class='ocrx_word' id='word_1_185' title='bbox 2098 840 2125 862; x_wconf 89' lang='lat' dir='ltr'>s.</span> <span class='ocrx_word' id='word_1_186' title='bbox 2149 831 2267 864; x_wconf 85' lang='lat' dir='ltr'>Jacobi</span> <span class='ocrx_word' id='word_1_187' title='bbox 2284 832 2442 865; x_wconf 86' lang='lat' dir='ltr'>Bamber-</span> 
     </span>
     <span class='ocr_line' id='line_1_42' title="bbox 838 882 2442 926; baseline 0.001 -11"><span class='ocrx_word' id='word_1_188' title='bbox 838 894 926 924; x_wconf 65' lang='lat' dir='ltr'>gen„</span> <span class='ocrx_word' id='word_1_189' title='bbox 938 886 970 915; x_wconf 83' lang='lat' dir='ltr'>et</span> <span class='ocrx_word' id='word_1_190' title='bbox 983 884 1161 915; x_wconf 74' lang='lat' dir='ltr'>Chuni-ado</span> <span class='ocrx_word' id='word_1_191' title='bbox 1177 884 1217 914; x_wconf 87' lang='lat' dir='ltr'>de</span> <span class='ocrx_word' id='word_1_192' title='bbox 1230 882 1485 919; x_wconf 83' lang='lat' dir='ltr'>ZIahhenwerd,</span> <span class='ocrx_word' id='word_1_193' title='bbox 1502 892 1573 914; x_wconf 84' lang='lat' dir='ltr'><strong>can.</strong></span> <span class='ocrx_word' id='word_1_194' title='bbox 1590 884 1764 916; x_wconf 85' lang='lat' dir='ltr'>Brixinen.</span> <span class='ocrx_word' id='word_1_195' title='bbox 1781 884 1861 915; x_wconf 90' lang='lat' dir='ltr'>eccl.</span> <span class='ocrx_word' id='word_1_196' title='bbox 1876 885 1928 924; x_wconf 85' lang='lat' dir='ltr'>(A.</span> <span class='ocrx_word' id='word_1_197' title='bbox 1943 886 1991 921; x_wconf 86' lang='lat'>16,</span> <span class='ocrx_word' id='word_1_198' title='bbox 2009 884 2030 916; x_wconf 87' lang='lat' dir='ltr'>f.</span> <span class='ocrx_word' id='word_1_199' title='bbox 2048 886 2107 917; x_wconf 76' lang='lat'>285</span> <span class='ocrx_word' id='word_1_200' title='bbox 2119 890 2150 921; x_wconf 77' lang='lat'>²;</span> <span class='ocrx_word' id='word_1_201' title='bbox 2172 885 2207 917; x_wconf 92' lang='lat' dir='ltr'>V.</span> <span class='ocrx_word' id='word_1_202' title='bbox 2224 888 2274 923; x_wconf 85' lang='lat'>73,</span> <span class='ocrx_word' id='word_1_203' title='bbox 2288 894 2340 926; x_wconf 89' lang='lat' dir='ltr'>ep.</span> <span class='ocrx_word' id='word_1_204' title='bbox 2354 887 2442 926; x_wconf 80' lang='grc'><strong>483.)</strong></span> 
     </span>
    </p>

    <p class='ocr_par' dir='ltr' id='par_1_21' title="bbox 839 934 2441 1031">
     <span class='ocr_line' id='line_1_43' title="bbox 885 934 2441 979; baseline 0.003 -12"><span class='ocrx_word' id='word_1_205' title='bbox 885 934 1019 967; x_wconf 73' lang='grc'><strong>15038.</strong></span> <span class='ocrx_word' id='word_1_206' title='bbox 1036 955 1074 960; x_wconf 87' lang='lat'>-—</span> <span class='ocrx_word' id='word_1_207' title='bbox 1098 936 1221 966; x_wconf 85' lang='lat' dir='ltr'>Induit.</span> <span class='ocrx_word' id='word_1_208' title='bbox 1251 935 1443 967; x_wconf 86' lang='lat' dir='ltr'>celebrandi</span> <span class='ocrx_word' id='word_1_209' title='bbox 1468 939 1500 967; x_wconf 92' lang='lat' dir='ltr'>et</span> <span class='ocrx_word' id='word_1_210' title='bbox 1522 936 1686 967; x_wconf 85' lang='lat' dir='ltr'>celebrari</span> <span class='ocrx_word' id='word_1_211' title='bbox 1714 938 1859 968; x_wconf 83' lang='lat' dir='ltr'>faciendi</span> <span class='ocrx_word' id='word_1_212' title='bbox 1881 940 2033 975; x_wconf 81' lang='lat' dir='ltr'>missam,</span> <span class='ocrx_word' id='word_1_213' title='bbox 2060 941 2241 979; x_wconf 79' lang='lat' dir='ltr'><strong>antequam</strong></span> <span class='ocrx_word' id='word_1_214' title='bbox 2265 939 2441 972; x_wconf 77' lang='lat' dir='ltr'><strong>illucescat</strong></span> 
     </span>
     <span class='ocr_line' id='line_1_44' title="bbox 839 989 1972 1031; baseline 0.004 -11"><span class='ocrx_word' id='word_1_215' title='bbox 839 991 923 1025; x_wconf 86' lang='lat' dir='ltr'>dies,</span> <span class='ocrx_word' id='word_1_216' title='bbox 940 989 1101 1021; x_wconf 83' lang='lat' dir='ltr'>Guillelmo</span> <span class='ocrx_word' id='word_1_217' title='bbox 1120 999 1189 1030; x_wconf 67' lang='lat' dir='ltr'>epo</span> <span class='ocrx_word' id='word_1_218' title='bbox 1211 989 1367 1020; x_wconf 78' lang='lat' dir='ltr'>Vivarien.</span> <span class='ocrx_word' id='word_1_219' title='bbox 1384 989 1436 1029; x_wconf 91' lang='lat' dir='ltr'>(A.</span> <span class='ocrx_word' id='word_1_220' title='bbox 1457 991 1506 1024; x_wconf 88' lang='grc'>16,</span> <span class='ocrx_word' id='word_1_221' title='bbox 1524 989 1547 1020; x_wconf 88' lang='lat' dir='ltr'>f.</span> <span class='ocrx_word' id='word_1_222' title='bbox 1564 992 1623 1021; x_wconf 90' lang='lat'>310</span> <span class='ocrx_word' id='word_1_223' title='bbox 1638 995 1669 1026; x_wconf 75' lang='lat'>²3</span> <span class='ocrx_word' id='word_1_224' title='bbox 1693 990 1728 1022; x_wconf 88' lang='lat' dir='ltr'>V.</span> <span class='ocrx_word' id='word_1_225' title='bbox 1750 993 1800 1026; x_wconf 84' lang='lat'>73,</span> <span class='ocrx_word' id='word_1_226' title='bbox 1817 999 1869 1031; x_wconf 85' lang='lat' dir='ltr'>ep.</span> <span class='ocrx_word' id='word_1_227' title='bbox 1886 992 1972 1025; x_wconf 66' lang='lat'><strong>555.)</strong></span> 
     </span>
    </p>

    <p class='ocr_par' dir='ltr' id='par_1_22' title="bbox 836 1041 2442 1191">
     <span class='ocr_line' id='line_1_45' title="bbox 884 1041 2442 1087; baseline 0.002 -14"><span class='ocrx_word' id='word_1_228' title='bbox 884 1041 1018 1073; x_wconf 82' lang='grc'><strong>15039.</strong></span> <span class='ocrx_word' id='word_1_229' title='bbox 1032 1062 1070 1066; x_wconf 92' lang='grc'>-</span> <span class='ocrx_word' id='word_1_230' title='bbox 1091 1042 1288 1082; x_wconf 84' lang='lat' dir='ltr'>Prorogatio</span> <span class='ocrx_word' id='word_1_231' title='bbox 1307 1043 1348 1073; x_wconf 87' lang='lat' dir='ltr'>ad</span> <span class='ocrx_word' id='word_1_232' title='bbox 1366 1051 1492 1073; x_wconf 87' lang='lat' dir='ltr'>annum</span> <span class='ocrx_word' id='word_1_233' title='bbox 1514 1043 1680 1083; x_wconf 88' lang='lat' dir='ltr'>temporis</span> <span class='ocrx_word' id='word_1_234' title='bbox 1700 1044 1892 1083; x_wconf 90' lang='lat' dir='ltr'>complendi</span> <span class='ocrx_word' id='word_1_235' title='bbox 1909 1046 2026 1076; x_wconf 89' lang='lat' dir='ltr'>votum</span> <span class='ocrx_word' id='word_1_236' title='bbox 2048 1052 2109 1084; x_wconf 88' lang='lat' dir='ltr'>per</span> <span class='ocrx_word' id='word_1_237' title='bbox 2125 1044 2322 1076; x_wconf 84' lang='lat' dir='ltr'>Guillelmum</span> <span class='ocrx_word' id='word_1_238' title='bbox 2337 1055 2442 1087; x_wconf 61' lang='lat' dir='ltr'>epam</span> 
     </span>
     <span class='ocr_line' id='line_1_46' title="bbox 842 1095 2438 1139; baseline 0.003 -12"><span class='ocrx_word' id='word_1_239' title='bbox 842 1097 995 1128; x_wconf 78' lang='lat' dir='ltr'>Vivarien.</span> <span class='ocrx_word' id='word_1_240' title='bbox 1012 1097 1176 1127; x_wconf 88' lang='lat' dir='ltr'>emissum</span> <span class='ocrx_word' id='word_1_241' title='bbox 1201 1096 1242 1127; x_wconf 91' lang='lat' dir='ltr'>de</span> <span class='ocrx_word' id='word_1_242' title='bbox 1260 1096 1441 1126; x_wconf 81' lang='lat' dir='ltr'>visitandis</span> <span class='ocrx_word' id='word_1_243' title='bbox 1462 1095 1494 1126; x_wconf 91' lang='lat' dir='ltr'>h.</span> <span class='ocrx_word' id='word_1_244' title='bbox 1512 1096 1629 1128; x_wconf 87' lang='lat' dir='ltr'>Jacobi</span> <span class='ocrx_word' id='word_1_245' title='bbox 1643 1097 1800 1137; x_wconf 84' lang='lat' dir='ltr'>Apostoli</span> <span class='ocrx_word' id='word_1_246' title='bbox 1818 1097 2008 1129; x_wconf 83' lang='lat' dir='ltr'>liminibus.</span> <span class='ocrx_word' id='word_1_247' title='bbox 2028 1098 2081 1139; x_wconf 85' lang='lat' dir='ltr'>(A.</span> <span class='ocrx_word' id='word_1_248' title='bbox 2102 1100 2150 1135; x_wconf 84' lang='lat'>16,</span> <span class='ocrx_word' id='word_1_249' title='bbox 2165 1098 2189 1130; x_wconf 86' lang='lat' dir='ltr'>f.</span> <span class='ocrx_word' id='word_1_250' title='bbox 2202 1101 2262 1131; x_wconf 80' lang='grc'>362</span> <span class='ocrx_word' id='word_1_251' title='bbox 2276 1098 2311 1137; x_wconf 70' lang='lat'>¹²;</span> <span class='ocrx_word' id='word_1_252' title='bbox 2332 1098 2370 1132; x_wconf 89' lang='lat' dir='ltr'>V.</span> <span class='ocrx_word' id='word_1_253' title='bbox 2388 1101 2438 1137; x_wconf 88' lang='grc'><strong>73,</strong></span> 
     </span>
     <span class='ocr_line' id='line_1_47' title="bbox 836 1152 989 1191; baseline 0 -9"><span class='ocrx_word' id='word_1_254' title='bbox 836 1159 888 1191; x_wconf 80' lang='lat' dir='ltr'>ep.</span> <span class='ocrx_word' id='word_1_255' title='bbox 905 1152 989 1189; x_wconf 81' lang='lat'><strong>556.)</strong></span> 
     </span>
    </p>

    <p class='ocr_par' dir='ltr' id='par_1_23' title="bbox 835 1201 2441 1412">
     <span class='ocr_line' id='line_1_48' title="bbox 882 1201 2440 1247; baseline 0.001 -13"><span class='ocrx_word' id='word_1_256' title='bbox 882 1201 1016 1234; x_wconf 76' lang='grc'><strong>15040.</strong></span> <span class='ocrx_word' id='word_1_257' title='bbox 1035 1222 1074 1226; x_wconf 95' lang='grc'><strong>-</strong></span> <span class='ocrx_word' id='word_1_258' title='bbox 1089 1204 1207 1235; x_wconf 84' lang='lat' dir='ltr'>Gratia</span> <span class='ocrx_word' id='word_1_259' title='bbox 1231 1211 1327 1243; x_wconf 83' lang='lat' dir='ltr'><strong>exsp.</strong></span> <span class='ocrx_word' id='word_1_260' title='bbox 1346 1203 1456 1234; x_wconf 83' lang='lat' dir='ltr'>benef.</span> <span class='ocrx_word' id='word_1_261' title='bbox 1475 1204 1588 1236; x_wconf 88' lang='lat' dir='ltr'><strong>saecul.</strong></span> <span class='ocrx_word' id='word_1_262' title='bbox 1612 1213 1639 1235; x_wconf 88' lang='lat' dir='ltr'>c.</span> <span class='ocrx_word' id='word_1_263' title='bbox 1658 1212 1686 1235; x_wconf 92' lang='lat' dir='ltr'>c.</span> <span class='ocrx_word' id='word_1_264' title='bbox 1704 1204 1758 1235; x_wconf 87' lang='lat' dir='ltr'>vel</span> <span class='ocrx_word' id='word_1_265' title='bbox 1781 1213 1808 1235; x_wconf 88' lang='lat' dir='ltr'>s.</span> <span class='ocrx_word' id='word_1_266' title='bbox 1827 1213 1855 1235; x_wconf 91' lang='lat' dir='ltr'>c.</span> <span class='ocrx_word' id='word_1_267' title='bbox 1878 1205 1914 1236; x_wconf 91' lang='lat' dir='ltr'>in</span> <span class='ocrx_word' id='word_1_268' title='bbox 1937 1205 2029 1236; x_wconf 89' lang='lat' dir='ltr'>civit.</span> <span class='ocrx_word' id='word_1_269' title='bbox 2056 1206 2110 1237; x_wconf 90' lang='lat' dir='ltr'>vel</span> <span class='ocrx_word' id='word_1_270' title='bbox 2135 1206 2181 1237; x_wconf 89' lang='lat' dir='ltr'>di.</span> <span class='ocrx_word' id='word_1_271' title='bbox 2207 1206 2440 1247; x_wconf 67' lang='lat' dir='ltr'>Mirapiseen„</span> 
     </span>
     <span class='ocr_line' id='line_1_49' title="bbox 835 1257 2439 1299; baseline 0.002 -10"><span class='ocrx_word' id='word_1_272' title='bbox 835 1259 957 1297; x_wconf 87' lang='lat' dir='ltr'>pertin.</span> <span class='ocrx_word' id='word_1_273' title='bbox 976 1258 1016 1288; x_wconf 83' lang='lat' dir='ltr'>ad</span> <span class='ocrx_word' id='word_1_274' title='bbox 1033 1258 1145 1288; x_wconf 84' lang='lat' dir='ltr'>collat.</span> <span class='ocrx_word' id='word_1_275' title='bbox 1165 1258 1232 1297; x_wconf 92' lang='lat' dir='ltr'><strong>ep.i</strong></span> <span class='ocrx_word' id='word_1_276' title='bbox 1249 1257 1478 1296; x_wconf 66' lang='lat' dir='ltr'>Mirapiscen„</span> <span class='ocrx_word' id='word_1_277' title='bbox 1499 1257 1640 1288; x_wconf 79' lang='lat' dir='ltr'>Arnaldo</span> <span class='ocrx_word' id='word_1_278' title='bbox 1654 1257 1690 1288; x_wconf 82' lang='lat' dir='ltr'>de</span> <span class='ocrx_word' id='word_1_279' title='bbox 1704 1257 1873 1296; x_wconf 81' lang='lat' dir='ltr'>Gualhaco,</span> <span class='ocrx_word' id='word_1_280' title='bbox 1889 1259 1969 1290; x_wconf 89' lang='lat' dir='ltr'><strong>cler.</strong></span> <span class='ocrx_word' id='word_1_281' title='bbox 1984 1260 2157 1299; x_wconf 88' lang='lat' dir='ltr'>Agennen.</span> <span class='ocrx_word' id='word_1_282' title='bbox 2175 1277 2214 1282; x_wconf 91' lang='lat'>—</span> <span class='ocrx_word' id='word_1_283' title='bbox 2231 1260 2257 1291; x_wconf 92' lang='grc' dir='ltr'>Ι.</span> <span class='ocrx_word' id='word_1_284' title='bbox 2278 1268 2308 1291; x_wconf 91' lang='lat' dir='ltr'>e.</span> <span class='ocrx_word' id='word_1_285' title='bbox 2322 1268 2368 1292; x_wconf 91' lang='lat' dir='ltr'>m.</span> <span class='ocrx_word' id='word_1_286' title='bbox 2383 1260 2439 1292; x_wconf 85' lang='lat' dir='ltr'>de·</span> 
     </span>
     <span class='ocr_line' id='line_1_50' title="bbox 836 1310 2441 1352; baseline 0.002 -10"><span class='ocrx_word' id='word_1_287' title='bbox 836 1320 917 1342; x_wconf 87' lang='lat' dir='ltr'>cano</span> <span class='ocrx_word' id='word_1_288' title='bbox 932 1321 959 1343; x_wconf 87' lang='lat' dir='ltr'>s.</span> <span class='ocrx_word' id='word_1_289' title='bbox 978 1311 1136 1350; x_wconf 84' lang='lat' dir='ltr'>Stephani</span> <span class='ocrx_word' id='word_1_290' title='bbox 1157 1311 1196 1342; x_wconf 88' lang='lat' dir='ltr'>de</span> <span class='ocrx_word' id='word_1_291' title='bbox 1214 1311 1365 1342; x_wconf 83' lang='lat' dir='ltr'>Tescone</span> <span class='ocrx_word' id='word_1_292' title='bbox 1388 1310 1642 1348; x_wconf 64' lang='lat' dir='ltr'>Montisalban„</span> <span class='ocrx_word' id='word_1_293' title='bbox 1664 1313 1697 1342; x_wconf 90' lang='lat' dir='ltr'>et</span> <span class='ocrx_word' id='word_1_294' title='bbox 1714 1311 1839 1343; x_wconf 86' lang='lat' dir='ltr'>archid.</span> <span class='ocrx_word' id='word_1_295' title='bbox 1857 1312 1898 1343; x_wconf 85' lang='lat' dir='ltr'>de</span> <span class='ocrx_word' id='word_1_296' title='bbox 1924 1313 2191 1344; x_wconf 84' lang='lat' dir='ltr'>Veterimoresio</span> <span class='ocrx_word' id='word_1_297' title='bbox 2211 1313 2385 1352; x_wconf 85' lang='lat' dir='ltr'>Tolosan.,</span> <span class='ocrx_word' id='word_1_298' title='bbox 2402 1321 2441 1346; x_wconf 80' lang='lat' dir='ltr'>ao</span> 
     </span>
     <span class='ocr_line' id='line_1_51' title="bbox 839 1364 2401 1412; baseline 0.001 -16"><span class='ocrx_word' id='word_1_299' title='bbox 839 1365 1040 1396; x_wconf 85' lang='lat' dir='ltr'>cancellario</span> <span class='ocrx_word' id='word_1_300' title='bbox 1058 1365 1260 1396; x_wconf 81' lang='lat' dir='ltr'>Ambianen.</span> <span class='ocrx_word' id='word_1_301' title='bbox 1276 1365 1356 1395; x_wconf 81' lang='lat' dir='ltr'><strong>eccl.</strong></span> <span class='ocrx_word' id='word_1_302' title='bbox 1375 1365 1427 1405; x_wconf 89' lang='lat' dir='ltr'>(A.</span> <span class='ocrx_word' id='word_1_303' title='bbox 1448 1367 1496 1402; x_wconf 88' lang='lat'>16,</span> <span class='ocrx_word' id='word_1_304' title='bbox 1516 1365 1538 1395; x_wconf 88' lang='lat' dir='ltr'>f.</span> <span class='ocrx_word' id='word_1_305' title='bbox 1557 1367 1616 1396; x_wconf 87' lang='grc'><strong>315</strong></span> <span class='ocrx_word' id='word_1_306' title='bbox 1631 1364 1662 1401; x_wconf 81' lang='lat' dir='ltr'>b;</span> <span class='ocrx_word' id='word_1_307' title='bbox 1685 1364 1718 1396; x_wconf 91' lang='lat' dir='ltr'><strong>V.</strong></span> <span class='ocrx_word' id='word_1_308' title='bbox 1735 1367 1786 1403; x_wconf 90' lang='lat'>73,</span> <span class='ocrx_word' id='word_1_309' title='bbox 1805 1374 1857 1405; x_wconf 91' lang='lat' dir='ltr'>ep.</span> <span class='ocrx_word' id='word_1_310' title='bbox 1875 1367 1962 1403; x_wconf 86' lang='lat'><strong>580.)</strong></span> <span class='ocrx_word' id='word_1_311' title='bbox 2396 1407 2401 1412; x_wconf 19' lang='grc' dir='ltr'><strong>ᾖ</strong></span> 
     </span>
    </p>

    <p class='ocr_par' dir='ltr' id='par_1_24' title="bbox 836 1416 2440 1567">
     <span class='ocr_line' id='line_1_52' title="bbox 882 1416 2439 1459; baseline 0.002 -10"><span class='ocrx_word' id='word_1_312' title='bbox 882 1416 1017 1449; x_wconf 77' lang='grc'><strong>15041.</strong></span> <span class='ocrx_word' id='word_1_313' title='bbox 1034 1437 1071 1442; x_wconf 88' lang='lat'>—-</span> <span class='ocrx_word' id='word_1_314' title='bbox 1087 1418 1260 1458; x_wconf 81' lang='lat' dir='ltr'>Archiep.is</span> <span class='ocrx_word' id='word_1_315' title='bbox 1271 1424 1297 1448; x_wconf 81' lang='lat' dir='ltr'>ec</span> <span class='ocrx_word' id='word_1_316' title='bbox 1311 1419 1389 1458; x_wconf 79' lang='lat' dir='ltr'><strong>ep.is</strong></span> <span class='ocrx_word' id='word_1_317' title='bbox 1402 1428 1462 1459; x_wconf 82' lang='lat' dir='ltr'>per·</span> <span class='ocrx_word' id='word_1_318' title='bbox 1474 1418 1599 1449; x_wconf 77' lang='lat' dir='ltr'>Italiam</span> <span class='ocrx_word' id='word_1_319' title='bbox 1616 1419 1787 1449; x_wconf 78' lang='lat' dir='ltr'>constitutis</span> <span class='ocrx_word' id='word_1_320' title='bbox 1799 1419 1912 1451; x_wconf 90' lang='lat' dir='ltr'>mand.</span> <span class='ocrx_word' id='word_1_321' title='bbox 1931 1421 1968 1450; x_wconf 85' lang='lat' dir='ltr'>ut</span> <span class='ocrx_word' id='word_1_322' title='bbox 1983 1428 2043 1459; x_wconf 86' lang='lat' dir='ltr'>per</span> <span class='ocrx_word' id='word_1_323' title='bbox 2057 1428 2236 1452; x_wconf 83' lang='lat' dir='ltr'>censuram</span> <span class='ocrx_word' id='word_1_324' title='bbox 2250 1420 2439 1452; x_wconf 77' lang='lat' dir='ltr'>ecclesiast.</span> 
     </span>
     <span class='ocr_line' id='line_1_53' title="bbox 836 1472 2440 1512; baseline 0.001 -8"><span class='ocrx_word' id='word_1_325' title='bbox 836 1474 1051 1512; x_wconf 83' lang='lat' dir='ltr'>compescant</span> <span class='ocrx_word' id='word_1_326' title='bbox 1066 1481 1184 1503; x_wconf 89' lang='lat' dir='ltr'>omnes</span> <span class='ocrx_word' id='word_1_327' title='bbox 1201 1472 1259 1511; x_wconf 90' lang='lat' dir='ltr'>qui</span> <span class='ocrx_word' id='word_1_328' title='bbox 1277 1472 1468 1511; x_wconf 88' lang='lat' dir='ltr'>impediunt</span> <span class='ocrx_word' id='word_1_329' title='bbox 1484 1472 1564 1503; x_wconf 87' lang='lat' dir='ltr'>illos</span> <span class='ocrx_word' id='word_1_330' title='bbox 1582 1472 1642 1512; x_wconf 88' lang='lat' dir='ltr'>qui</span> <span class='ocrx_word' id='word_1_331' title='bbox 1665 1472 1783 1503; x_wconf 90' lang='lat' dir='ltr'>volunt</span> <span class='ocrx_word' id='word_1_332' title='bbox 1800 1473 1958 1504; x_wconf 88' lang='lat' dir='ltr'>accedere</span> <span class='ocrx_word' id='word_1_333' title='bbox 1979 1473 2021 1504; x_wconf 86' lang='lat' dir='ltr'>ad</span> <span class='ocrx_word' id='word_1_334' title='bbox 2038 1474 2192 1505; x_wconf 85' lang='lat' dir='ltr'>studium</span> <span class='ocrx_word' id='word_1_335' title='bbox 2214 1473 2385 1511; x_wconf 82' lang='lat' dir='ltr'>Bononiae.</span> <span class='ocrx_word' id='word_1_336' title='bbox 2401 1475 2440 1506; x_wconf 79' lang='lat' dir='ltr'>ut</span> 
     </span>
     <span class='ocr_line' id='line_1_54' title="bbox 836 1525 2163 1567; baseline 0.001 -11"><span class='ocrx_word' id='word_1_337' title='bbox 836 1526 876 1557; x_wconf 83' lang='lat' dir='ltr'>ab</span> <span class='ocrx_word' id='word_1_338' title='bbox 896 1526 1140 1565; x_wconf 87' lang='lat' dir='ltr'>impedimento</span> <span class='ocrx_word' id='word_1_339' title='bbox 1154 1525 1350 1565; x_wconf 87' lang='lat' dir='ltr'>hujusmodi</span> <span class='ocrx_word' id='word_1_340' title='bbox 1366 1525 1545 1556; x_wconf 85' lang='lat' dir='ltr'>desistant.</span> <span class='ocrx_word' id='word_1_341' title='bbox 1563 1526 1615 1564; x_wconf 93' lang='lat' dir='ltr'>(A.</span> <span class='ocrx_word' id='word_1_342' title='bbox 1635 1527 1684 1560; x_wconf 90' lang='grc'>16,</span> <span class='ocrx_word' id='word_1_343' title='bbox 1702 1526 1725 1557; x_wconf 85' lang='lat' dir='ltr'>f.</span> <span class='ocrx_word' id='word_1_344' title='bbox 1742 1527 1801 1557; x_wconf 80' lang='lat'>278</span> <span class='ocrx_word' id='word_1_345' title='bbox 1817 1526 1848 1562; x_wconf 79' lang='lat'>¹³;</span> <span class='ocrx_word' id='word_1_346' title='bbox 1875 1525 1908 1556; x_wconf 90' lang='lat' dir='ltr'>V.</span> <span class='ocrx_word' id='word_1_347' title='bbox 1926 1528 1976 1564; x_wconf 85' lang='lat'>73,</span> <span class='ocrx_word' id='word_1_348' title='bbox 1994 1535 2046 1566; x_wconf 88' lang='lat' dir='ltr'>ep.</span> <span class='ocrx_word' id='word_1_349' title='bbox 2064 1528 2163 1567; x_wconf 68' lang='grc'><strong>439).</strong></span> 
     </span>
    </p>

    <p class='ocr_par' dir='ltr' id='par_1_25' title="bbox 835 1577 2441 1779">
     <span class='ocr_line' id='line_1_55' title="bbox 883 1577 2441 1620; baseline 0.004 -13"><span class='ocrx_word' id='word_1_350' title='bbox 883 1577 1014 1608; x_wconf 75' lang='grc'><strong>15042.</strong></span> <span class='ocrx_word' id='word_1_351' title='bbox 1040 1597 1078 1602; x_wconf 89' lang='lat'><em>-</em></span> <span class='ocrx_word' id='word_1_352' title='bbox 1102 1580 1247 1610; x_wconf 89' lang='lat' dir='ltr'>Securus</span> <span class='ocrx_word' id='word_1_353' title='bbox 1264 1579 1448 1610; x_wconf 89' lang='lat' dir='ltr'>conductus</span> <span class='ocrx_word' id='word_1_354' title='bbox 1467 1579 1633 1610; x_wconf 80' lang='lat' dir='ltr'>Francisco</span> <span class='ocrx_word' id='word_1_355' title='bbox 1655 1579 1692 1610; x_wconf 87' lang='lat' dir='ltr'>de</span> <span class='ocrx_word' id='word_1_356' title='bbox 1711 1580 1821 1618; x_wconf 84' lang='lat' dir='ltr'>Lutra,</span> <span class='ocrx_word' id='word_1_357' title='bbox 1841 1580 1883 1612; x_wconf 88' lang='lat' dir='ltr'>O.</span> <span class='ocrx_word' id='word_1_358' title='bbox 1905 1581 1944 1612; x_wconf 92' lang='lat' dir='ltr'>F.</span> <span class='ocrx_word' id='word_1_359' title='bbox 1969 1580 2014 1611; x_wconf 92' lang='lat' dir='ltr'>M.</span> <span class='ocrx_word' id='word_1_360' title='bbox 2037 1582 2192 1620; x_wconf 87' lang='lat' dir='ltr'>apostata</span> <span class='ocrx_word' id='word_1_361' title='bbox 2209 1582 2242 1613; x_wconf 89' lang='lat' dir='ltr'>et</span> <span class='ocrx_word' id='word_1_362' title='bbox 2261 1581 2302 1613; x_wconf 90' lang='lat' dir='ltr'>de</span> <span class='ocrx_word' id='word_1_363' title='bbox 2319 1580 2441 1613; x_wconf 84' lang='lat' dir='ltr'>multis</span> 
     </span>
     <span class='ocr_line' id='line_1_56' title="bbox 835 1633 2438 1673; baseline 0.002 -10"><span class='ocrx_word' id='word_1_364' title='bbox 835 1633 914 1663; x_wconf 83' lang='lat' dir='ltr'>aliis</span> <span class='ocrx_word' id='word_1_365' title='bbox 932 1633 1142 1663; x_wconf 83' lang='lat' dir='ltr'>detestandis</span> <span class='ocrx_word' id='word_1_366' title='bbox 1161 1634 1328 1670; x_wconf 86' lang='lat' dir='ltr'>accusato,</span> <span class='ocrx_word' id='word_1_367' title='bbox 1353 1641 1412 1672; x_wconf 89' lang='lat' dir='ltr'>per</span> <span class='ocrx_word' id='word_1_368' title='bbox 1429 1641 1544 1672; x_wconf 89' lang='lat' dir='ltr'>ep.um</span> <span class='ocrx_word' id='word_1_369' title='bbox 1566 1633 1698 1673; x_wconf 85' lang='lat' dir='ltr'>Spiren.</span> <span class='ocrx_word' id='word_1_370' title='bbox 1720 1633 1761 1664; x_wconf 88' lang='lat' dir='ltr'>ad</span> <span class='ocrx_word' id='word_1_371' title='bbox 1785 1633 1878 1664; x_wconf 88' lang='lat' dir='ltr'>civit.</span> <span class='ocrx_word' id='word_1_372' title='bbox 1900 1634 2037 1671; x_wconf 66' lang='lat' dir='ltr'>Meten„</span> <span class='ocrx_word' id='word_1_373' title='bbox 2063 1642 2123 1673; x_wconf 91' lang='lat' dir='ltr'>per</span> <span class='ocrx_word' id='word_1_374' title='bbox 2151 1634 2296 1666; x_wconf 87' lang='lat' dir='ltr'>electum</span> <span class='ocrx_word' id='word_1_375' title='bbox 2314 1634 2438 1667; x_wconf 78' lang='lat' dir='ltr'>Meton.</span> 
     </span>
     <span class='ocr_line' id='line_1_57' title="bbox 836 1686 2440 1727; baseline 0.001 -10"><span class='ocrx_word' id='word_1_376' title='bbox 836 1687 876 1717; x_wconf 88' lang='lat' dir='ltr'>ad</span> <span class='ocrx_word' id='word_1_377' title='bbox 894 1687 1066 1717; x_wconf 85' lang='lat' dir='ltr'>civitatem</span> <span class='ocrx_word' id='word_1_378' title='bbox 1085 1686 1271 1726; x_wconf 84' lang='lat' dir='ltr'>Lingonen.</span> <span class='ocrx_word' id='word_1_379' title='bbox 1296 1695 1334 1717; x_wconf 90' lang='lat' dir='ltr'>ac</span> <span class='ocrx_word' id='word_1_380' title='bbox 1357 1695 1418 1726; x_wconf 88' lang='lat' dir='ltr'>per</span> <span class='ocrx_word' id='word_1_381' title='bbox 1443 1695 1558 1726; x_wconf 73' lang='lat' dir='ltr'>epum</span> <span class='ocrx_word' id='word_1_382' title='bbox 1579 1687 1765 1727; x_wconf 87' lang='lat' dir='ltr'>Lingonen.</span> <span class='ocrx_word' id='word_1_383' title='bbox 1793 1687 1834 1718; x_wconf 86' lang='lat' dir='ltr'>ad</span> <span class='ocrx_word' id='word_1_384' title='bbox 1856 1687 1889 1718; x_wconf 87' lang='lat' dir='ltr'>S.</span> <span class='ocrx_word' id='word_1_385' title='bbox 1920 1688 1960 1718; x_wconf 89' lang='lat' dir='ltr'>A.</span> <span class='ocrx_word' id='word_1_386' title='bbox 1990 1687 2053 1718; x_wconf 90' lang='lat' dir='ltr'>sub</span> <span class='ocrx_word' id='word_1_387' title='bbox 2076 1687 2142 1718; x_wconf 90' lang='lat' dir='ltr'>fida</span> <span class='ocrx_word' id='word_1_388' title='bbox 2166 1688 2320 1719; x_wconf 85' lang='lat' dir='ltr'>custodia</span> <span class='ocrx_word' id='word_1_389' title='bbox 2336 1687 2440 1719; x_wconf 82' lang='lat' dir='ltr'>desti·</span> 
     </span>
     <span class='ocr_line' id='line_1_58' title="bbox 835 1739 1569 1779; baseline 0.001 -9"><span class='ocrx_word' id='word_1_390' title='bbox 835 1740 955 1770; x_wconf 85' lang='lat' dir='ltr'>nando.</span> <span class='ocrx_word' id='word_1_391' title='bbox 972 1740 1011 1779; x_wconf 94' lang='lat' dir='ltr'>(A</span> <span class='ocrx_word' id='word_1_392' title='bbox 1044 1741 1093 1777; x_wconf 86' lang='lat'>16,</span> <span class='ocrx_word' id='word_1_393' title='bbox 1112 1740 1133 1771; x_wconf 88' lang='lat' dir='ltr'>f.</span> <span class='ocrx_word' id='word_1_394' title='bbox 1153 1741 1212 1771; x_wconf 89' lang='grc'>340</span> <span class='ocrx_word' id='word_1_395' title='bbox 1229 1745 1258 1777; x_wconf 59' lang='grc' dir='ltr'>ἃς</span> <span class='ocrx_word' id='word_1_396' title='bbox 1287 1739 1323 1771; x_wconf 92' lang='lat' dir='ltr'>V.</span> <span class='ocrx_word' id='word_1_397' title='bbox 1344 1741 1393 1777; x_wconf 88' lang='lat'>73,</span> <span class='ocrx_word' id='word_1_398' title='bbox 1412 1748 1464 1779; x_wconf 88' lang='lat' dir='ltr'>ep.</span> <span class='ocrx_word' id='word_1_399' title='bbox 1483 1741 1569 1778; x_wconf 72' lang='grc'><strong>462.)</strong></span> 
     </span>
    </p>

    <p class='ocr_par' dir='ltr' id='par_1_26' title="bbox 834 1791 2440 2153">
     <span class='ocr_line' id='line_1_59' title="bbox 881 1791 2439 1834; baseline 0.003 -12"><span class='ocrx_word' id='word_1_400' title='bbox 881 1791 1015 1822; x_wconf 77' lang='grc'><strong>15043.</strong></span> <span class='ocrx_word' id='word_1_401' title='bbox 1035 1812 1072 1817; x_wconf 90' lang='grc'>-</span> <span class='ocrx_word' id='word_1_402' title='bbox 1088 1794 1252 1824; x_wconf 83' lang='lat' dir='ltr'>Iteratum</span> <span class='ocrx_word' id='word_1_403' title='bbox 1275 1794 1387 1824; x_wconf 88' lang='lat' dir='ltr'>mand.</span> <span class='ocrx_word' id='word_1_404' title='bbox 1405 1803 1475 1834; x_wconf 87' lang='lat' dir='ltr'><strong>ep.o</strong></span> <span class='ocrx_word' id='word_1_405' title='bbox 1488 1793 1617 1834; x_wconf 84' lang='lat' dir='ltr'><strong>Spiren.</strong></span> <span class='ocrx_word' id='word_1_406' title='bbox 1633 1795 1670 1824; x_wconf 90' lang='lat' dir='ltr'>ut</span> <span class='ocrx_word' id='word_1_407' title='bbox 1687 1793 1752 1825; x_wconf 86' lang='lat' dir='ltr'>sub</span> <span class='ocrx_word' id='word_1_408' title='bbox 1767 1802 1864 1833; x_wconf 86' lang='lat' dir='ltr'>poena</span> <span class='ocrx_word' id='word_1_409' title='bbox 1879 1794 2117 1833; x_wconf 78' lang='lat' dir='ltr'>suspensionis</span> <span class='ocrx_word' id='word_1_410' title='bbox 2132 1794 2208 1834; x_wconf 86' lang='lat' dir='ltr'>ipso</span> <span class='ocrx_word' id='word_1_411' title='bbox 2226 1794 2314 1826; x_wconf 87' lang='lat' dir='ltr'>facto</span> <span class='ocrx_word' id='word_1_412' title='bbox 2330 1794 2439 1826; x_wconf 86' lang='lat' dir='ltr'>incur-</span> 
     </span>
     <span class='ocr_line' id='line_1_60' title="bbox 835 1847 2440 1886; baseline 0.001 -9"><span class='ocrx_word' id='word_1_413' title='bbox 835 1847 945 1877; x_wconf 78' lang='lat' dir='ltr'>rendae</span> <span class='ocrx_word' id='word_1_414' title='bbox 963 1847 1141 1886; x_wconf 86' lang='lat' dir='ltr'>praefatum</span> <span class='ocrx_word' id='word_1_415' title='bbox 1164 1847 1384 1877; x_wconf 85' lang='lat' dir='ltr'>Franciscum</span> <span class='ocrx_word' id='word_1_416' title='bbox 1405 1847 1446 1878; x_wconf 89' lang='lat' dir='ltr'>de</span> <span class='ocrx_word' id='word_1_417' title='bbox 1463 1848 1580 1884; x_wconf 88' lang='lat' dir='ltr'>Lutra,</span> <span class='ocrx_word' id='word_1_418' title='bbox 1596 1847 1654 1886; x_wconf 89' lang='lat' dir='ltr'>qui</span> <span class='ocrx_word' id='word_1_419' title='bbox 1675 1847 1957 1886; x_wconf 81' lang='lat' dir='ltr'>Sarrabaytarum</span> <span class='ocrx_word' id='word_1_420' title='bbox 1976 1847 2171 1878; x_wconf 77' lang='lat' dir='ltr'>damnatam</span> <span class='ocrx_word' id='word_1_421' title='bbox 2189 1849 2317 1879; x_wconf 83' lang='lat' dir='ltr'>sectam</span> <span class='ocrx_word' id='word_1_422' title='bbox 2330 1848 2440 1879; x_wconf 83' lang='lat' dir='ltr'>susci·</span> 
     </span>
     <span class='ocr_line' id='line_1_61' title="bbox 834 1900 2437 1940; baseline 0.002 -10"><span class='ocrx_word' id='word_1_423' title='bbox 834 1901 905 1930; x_wconf 87' lang='lat' dir='ltr'>tare</span> <span class='ocrx_word' id='word_1_424' title='bbox 922 1901 1079 1940; x_wconf 80' lang='lat' dir='ltr'>satagens</span> <span class='ocrx_word' id='word_1_425' title='bbox 1097 1901 1212 1939; x_wconf 87' lang='lat' dir='ltr'>plures</span> <span class='ocrx_word' id='word_1_426' title='bbox 1232 1909 1365 1931; x_wconf 85' lang='lat' dir='ltr'>errores</span> <span class='ocrx_word' id='word_1_427' title='bbox 1389 1900 1424 1931; x_wconf 91' lang='lat' dir='ltr'>in</span> <span class='ocrx_word' id='word_1_428' title='bbox 1447 1900 1746 1939; x_wconf 74' lang='lat' dir='ltr'>praedicationibus</span> <span class='ocrx_word' id='word_1_429' title='bbox 1771 1900 1845 1931; x_wconf 91' lang='lat' dir='ltr'>suis</span> <span class='ocrx_word' id='word_1_430' title='bbox 1865 1900 2060 1938; x_wconf 87' lang='lat' dir='ltr'>seminavit,</span> <span class='ocrx_word' id='word_1_431' title='bbox 2081 1901 2312 1940; x_wconf 88' lang='lat' dir='ltr'>quantocitius</span> <span class='ocrx_word' id='word_1_432' title='bbox 2328 1902 2437 1933; x_wconf 82' lang='lat' dir='ltr'>trans-</span> 
     </span>
     <span class='ocr_line' id='line_1_62' title="bbox 834 1953 2439 1992; baseline 0.001 -8"><span class='ocrx_word' id='word_1_433' title='bbox 834 1953 945 1984; x_wconf 82' lang='lat' dir='ltr'>mittat</span> <span class='ocrx_word' id='word_1_434' title='bbox 965 1954 1007 1984; x_wconf 82' lang='lat' dir='ltr'>ad</span> <span class='ocrx_word' id='word_1_435' title='bbox 1030 1954 1122 1984; x_wconf 84' lang='lat' dir='ltr'>civit.</span> <span class='ocrx_word' id='word_1_436' title='bbox 1142 1953 1279 1991; x_wconf 87' lang='lat' dir='ltr'>Meten.‚</span> <span class='ocrx_word' id='word_1_437' title='bbox 1299 1954 1331 1984; x_wconf 88' lang='lat' dir='ltr'>et</span> <span class='ocrx_word' id='word_1_438' title='bbox 1352 1953 1458 1984; x_wconf 83' lang='lat' dir='ltr'>electo</span> <span class='ocrx_word' id='word_1_439' title='bbox 1482 1953 1604 1984; x_wconf 84' lang='lat' dir='ltr'>Meten.</span> <span class='ocrx_word' id='word_1_440' title='bbox 1624 1962 1684 1984; x_wconf 88' lang='lat' dir='ltr'>seu</span> <span class='ocrx_word' id='word_1_441' title='bbox 1702 1954 1776 1992; x_wconf 86' lang='lat' dir='ltr'>ejus</span> <span class='ocrx_word' id='word_1_442' title='bbox 1800 1954 1938 1984; x_wconf 85' lang='lat' dir='ltr'>vicariis</span> <span class='ocrx_word' id='word_1_443' title='bbox 1959 1954 2082 1990; x_wconf 82' lang='lat' dir='ltr'>tradat,</span> <span class='ocrx_word' id='word_1_444' title='bbox 2109 1962 2186 1985; x_wconf 89' lang='lat' dir='ltr'>cum</span> <span class='ocrx_word' id='word_1_445' title='bbox 2207 1953 2270 1985; x_wconf 85' lang='lat' dir='ltr'>hoc</span> <span class='ocrx_word' id='word_1_446' title='bbox 2287 1954 2439 1986; x_wconf 91' lang='lat' dir='ltr'>nondum</span> 
     </span>
     <span class='ocr_line' id='line_1_63' title="bbox 834 2006 2440 2046; baseline 0.001 -9"><span class='ocrx_word' id='word_1_447' title='bbox 834 2006 970 2037; x_wconf 82' lang='lat' dir='ltr'>fecisset</span> <span class='ocrx_word' id='word_1_448' title='bbox 989 2008 1154 2045; x_wconf 84' lang='lat' dir='ltr'>praetextu</span> <span class='ocrx_word' id='word_1_449' title='bbox 1173 2007 1273 2046; x_wconf 89' lang='lat' dir='ltr'>quod,</span> <span class='ocrx_word' id='word_1_450' title='bbox 1292 2007 1430 2046; x_wconf 86' lang='lat' dir='ltr'>propter</span> <span class='ocrx_word' id='word_1_451' title='bbox 1448 2007 1636 2046; x_wconf 86' lang='lat' dir='ltr'>potentiam</span> <span class='ocrx_word' id='word_1_452' title='bbox 1655 2007 1798 2038; x_wconf 79' lang='lat' dir='ltr'>fratrum</span> <span class='ocrx_word' id='word_1_453' title='bbox 1815 2007 1987 2038; x_wconf 87' lang='lat' dir='ltr'>minorum</span> <span class='ocrx_word' id='word_1_454' title='bbox 2004 2007 2058 2038; x_wconf 90' lang='lat' dir='ltr'>vel</span> <span class='ocrx_word' id='word_1_455' title='bbox 2077 2006 2264 2038; x_wconf 82' lang='lat' dir='ltr'>amicorum</span> <span class='ocrx_word' id='word_1_456' title='bbox 2282 2007 2354 2039; x_wconf 89' lang='lat' dir='ltr'><strong>ord.</strong></span> <span class='ocrx_word' id='word_1_457' title='bbox 2376 2007 2440 2039; x_wconf 90' lang='lat' dir='ltr'>mi-</span> 
     </span>
     <span class='ocr_line' id='line_1_64' title="bbox 834 2060 2437 2100; baseline 0.002 -10"><span class='ocrx_word' id='word_1_458' title='bbox 834 2069 966 2096; x_wconf 89' lang='lat' dir='ltr'>norum,</span> <span class='ocrx_word' id='word_1_459' title='bbox 980 2061 1024 2090; x_wconf 90' lang='lat' dir='ltr'>id.</span> <span class='ocrx_word' id='word_1_460' title='bbox 1040 2061 1242 2091; x_wconf 82' lang='lat' dir='ltr'>Franciscus</span> <span class='ocrx_word' id='word_1_461' title='bbox 1259 2060 1294 2091; x_wconf 91' lang='lat' dir='ltr'>in</span> <span class='ocrx_word' id='word_1_462' title='bbox 1307 2060 1429 2091; x_wconf 86' lang='lat' dir='ltr'>itinere</span> <span class='ocrx_word' id='word_1_463' title='bbox 1443 2060 1516 2100; x_wconf 89' lang='lat' dir='ltr'>ejus</span> <span class='ocrx_word' id='word_1_464' title='bbox 1530 2060 1730 2091; x_wconf 89' lang='lat' dir='ltr'>custodibus</span> <span class='ocrx_word' id='word_1_465' title='bbox 1747 2060 1874 2091; x_wconf 86' lang='lat' dir='ltr'>auferri</span> <span class='ocrx_word' id='word_1_466' title='bbox 1886 2061 2012 2100; x_wconf 88' lang='lat' dir='ltr'>posset.</span> <span class='ocrx_word' id='word_1_467' title='bbox 2030 2060 2085 2100; x_wconf 86' lang='lat' dir='ltr'>(A.</span> <span class='ocrx_word' id='word_1_468' title='bbox 2104 2062 2152 2097; x_wconf 84' lang='lat'>16,</span> <span class='ocrx_word' id='word_1_469' title='bbox 2172 2060 2194 2091; x_wconf 83' lang='lat' dir='ltr'>f.</span> <span class='ocrx_word' id='word_1_470' title='bbox 2212 2062 2272 2092; x_wconf 83' lang='grc'>340</span> <span class='ocrx_word' id='word_1_471' title='bbox 2286 2060 2317 2098; x_wconf 75' lang='grc' dir='ltr'>ι·;</span> <span class='ocrx_word' id='word_1_472' title='bbox 2338 2060 2374 2092; x_wconf 89' lang='lat' dir='ltr'>V.</span> <span class='ocrx_word' id='word_1_473' title='bbox 2387 2063 2437 2098; x_wconf 81' lang='lat'>73,</span> 
     </span>
     <span class='ocr_line' id='line_1_65' title="bbox 834 2112 1979 2153; baseline 0.002 -10"><span class='ocrx_word' id='word_1_474' title='bbox 834 2122 886 2152; x_wconf 88' lang='lat' dir='ltr'>ep.</span> <span class='ocrx_word' id='word_1_475' title='bbox 905 2115 981 2149; x_wconf 84' lang='grc'><strong>463;</strong></span> <span class='ocrx_word' id='word_1_476' title='bbox 1001 2113 1120 2151; x_wconf 88' lang='lat' dir='ltr'>Eubel,</span> <span class='ocrx_word' id='word_1_477' title='bbox 1138 2112 1312 2144; x_wconf 77' lang='lat' dir='ltr'>Bullarium</span> <span class='ocrx_word' id='word_1_478' title='bbox 1328 2113 1582 2150; x_wconf 82' lang='lat' dir='ltr'>Franciscanum,</span> <span class='ocrx_word' id='word_1_479' title='bbox 1601 2115 1626 2144; x_wconf 88' lang='lat' dir='ltr'>t.</span> <span class='ocrx_word' id='word_1_480' title='bbox 1644 2115 1684 2150; x_wconf 88' lang='lat' dir='ltr'>V,</span> <span class='ocrx_word' id='word_1_481' title='bbox 1704 2122 1736 2153; x_wconf 88' lang='lat' dir='ltr'>p.</span> <span class='ocrx_word' id='word_1_482' title='bbox 1756 2115 1827 2151; x_wconf 81' lang='lat'><strong>219,</strong></span> <span class='ocrx_word' id='word_1_483' title='bbox 1844 2123 1876 2144; x_wconf 90' lang='lat' dir='ltr'>n.</span> <span class='ocrx_word' id='word_1_484' title='bbox 1893 2115 1979 2153; x_wconf 84' lang='grc'><strong>459.)</strong></span> 
     </span>
    </p>

    <p class='ocr_par' dir='ltr' id='par_1_27' title="bbox 834 2164 2438 2367">
     <span class='ocr_line' id='line_1_66' title="bbox 880 2164 2437 2208; baseline 0.002 -14"><span class='ocrx_word' id='word_1_485' title='bbox 880 2164 1014 2195; x_wconf 74' lang='grc'><strong>15044.</strong></span> <span class='ocrx_word' id='word_1_486' title='bbox 1034 2184 1072 2188; x_wconf 95' lang='grc'><strong>-</strong></span> <span class='ocrx_word' id='word_1_487' title='bbox 1089 2167 1205 2198; x_wconf 83' lang='lat' dir='ltr'><strong>Facul.</strong></span> <span class='ocrx_word' id='word_1_488' title='bbox 1234 2166 1384 2198; x_wconf 83' lang='lat' dir='ltr'>Willelmo</span> <span class='ocrx_word' id='word_1_489' title='bbox 1404 2167 1565 2207; x_wconf 77' lang='lat' dir='ltr'><strong>archiep.o</strong></span> <span class='ocrx_word' id='word_1_490' title='bbox 1586 2167 1760 2198; x_wconf 69' lang='lat' dir='ltr'>Eborac-en.</span> <span class='ocrx_word' id='word_1_491' title='bbox 1781 2176 1942 2198; x_wconf 88' lang='lat' dir='ltr'>concessa</span> <span class='ocrx_word' id='word_1_492' title='bbox 1962 2167 2158 2198; x_wconf 83' lang='lat' dir='ltr'>conferendi</span> <span class='ocrx_word' id='word_1_493' title='bbox 2181 2167 2242 2198; x_wconf 87' lang='lat' dir='ltr'>hac</span> <span class='ocrx_word' id='word_1_494' title='bbox 2259 2167 2329 2199; x_wconf 87' lang='lat' dir='ltr'>vice</span> <span class='ocrx_word' id='word_1_495' title='bbox 2346 2175 2437 2208; x_wconf 86' lang='lat' dir='ltr'><strong>pers.</strong></span> 
     </span>
     <span class='ocr_line' id='line_1_67' title="bbox 834 2220 2438 2260; baseline 0.001 -10"><span class='ocrx_word' id='word_1_496' title='bbox 834 2220 900 2259; x_wconf 82' lang='lat' dir='ltr'>ipsi</span> <span class='ocrx_word' id='word_1_497' title='bbox 915 2221 1084 2251; x_wconf 86' lang='lat' dir='ltr'>benevisae</span> <span class='ocrx_word' id='word_1_498' title='bbox 1101 2220 1281 2251; x_wconf 80' lang='lat' dir='ltr'>archidiac.</span> <span class='ocrx_word' id='word_1_499' title='bbox 1299 2221 1523 2259; x_wconf 81' lang='lat' dir='ltr'>Estredingiae</span> <span class='ocrx_word' id='word_1_500' title='bbox 1533 2221 1568 2251; x_wconf 93' lang='lat' dir='ltr'>in</span> <span class='ocrx_word' id='word_1_501' title='bbox 1580 2221 1660 2252; x_wconf 86' lang='lat' dir='ltr'><strong>eccl.</strong></span> <span class='ocrx_word' id='word_1_502' title='bbox 1679 2220 1878 2256; x_wconf 78' lang='lat' dir='ltr'>Eboracen,</span> <span class='ocrx_word' id='word_1_503' title='bbox 1892 2229 1952 2260; x_wconf 87' lang='lat' dir='ltr'>per</span> <span class='ocrx_word' id='word_1_504' title='bbox 1961 2220 2200 2252; x_wconf 87' lang='lat' dir='ltr'>dimissionem</span> <span class='ocrx_word' id='word_1_505' title='bbox 2213 2229 2232 2252; x_wconf 86' lang='lat' dir='ltr'>a</span> <span class='ocrx_word' id='word_1_506' title='bbox 2248 2221 2438 2253; x_wconf 82' lang='lat' dir='ltr'>Bertrando</span> 
     </span>
     <span class='ocr_line' id='line_1_68' title="bbox 834 2273 2438 2314; baseline 0.001 -10"><span class='ocrx_word' id='word_1_507' title='bbox 834 2274 873 2304; x_wconf 91' lang='lat' dir='ltr'>de</span> <span class='ocrx_word' id='word_1_508' title='bbox 887 2274 1008 2313; x_wconf 83' lang='lat' dir='ltr'>Fargis</span> <span class='ocrx_word' id='word_1_509' title='bbox 1024 2274 1226 2305; x_wconf 81' lang='lat' dir='ltr'>cancellario</span> <span class='ocrx_word' id='word_1_510' title='bbox 1243 2274 1323 2305; x_wconf 89' lang='lat' dir='ltr'><strong>eccl.</strong></span> <span class='ocrx_word' id='word_1_511' title='bbox 1342 2274 1543 2304; x_wconf 83' lang='lat' dir='ltr'>Ambianen.</span> <span class='ocrx_word' id='word_1_512' title='bbox 1558 2274 1657 2313; x_wconf 86' lang='lat' dir='ltr'>juxta</span> <span class='ocrx_word' id='word_1_513' title='bbox 1675 2276 1826 2305; x_wconf 86' lang='lat' dir='ltr'>tenorem</span> <span class='ocrx_word' id='word_1_514' title='bbox 1848 2274 2104 2306; x_wconf 83' lang='lat' dir='ltr'>constitutionis</span> <span class='ocrx_word' id='word_1_515' title='bbox 2121 2282 2225 2314; x_wconf 84' lang='lat' dir='ltr'>super</span> <span class='ocrx_word' id='word_1_516' title='bbox 2239 2273 2364 2314; x_wconf 88' lang='lat' dir='ltr'><strong>plural.</strong></span> <span class='ocrx_word' id='word_1_517' title='bbox 2381 2273 2438 2306; x_wconf 79' lang='lat' dir='ltr'>bo-</span> 
     </span>
     <span class='ocr_line' id='line_1_69' title="bbox 834 2327 2101 2367; baseline 0.001 -10"><span class='ocrx_word' id='word_1_518' title='bbox 834 2327 900 2357; x_wconf 86' lang='lat' dir='ltr'><strong>nef.</strong></span> <span class='ocrx_word' id='word_1_519' title='bbox 918 2328 1044 2358; x_wconf 89' lang='lat' dir='ltr'>dudum</span> <span class='ocrx_word' id='word_1_520' title='bbox 1063 2328 1161 2359; x_wconf 84' lang='lat' dir='ltr'>editae</span> <span class='ocrx_word' id='word_1_521' title='bbox 1178 2328 1300 2358; x_wconf 87' lang='lat' dir='ltr'>factam</span> <span class='ocrx_word' id='word_1_522' title='bbox 1315 2329 1500 2358; x_wconf 82' lang='lat' dir='ltr'>vacantem.</span> <span class='ocrx_word' id='word_1_523' title='bbox 1518 2328 1572 2367; x_wconf 92' lang='lat' dir='ltr'>(A.</span> <span class='ocrx_word' id='word_1_524' title='bbox 1593 2329 1642 2362; x_wconf 83' lang='lat'>16,</span> <span class='ocrx_word' id='word_1_525' title='bbox 1659 2327 1680 2358; x_wconf 87' lang='lat' dir='ltr'>f.</span> <span class='ocrx_word' id='word_1_526' title='bbox 1705 2329 1761 2358; x_wconf 85' lang='lat'>311</span> <span class='ocrx_word' id='word_1_527' title='bbox 1778 2327 1808 2364; x_wconf 71' lang='lat'>¹³5</span> <span class='ocrx_word' id='word_1_528' title='bbox 1831 2327 1866 2358; x_wconf 92' lang='lat' dir='ltr'>V.</span> <span class='ocrx_word' id='word_1_529' title='bbox 1883 2329 1932 2363; x_wconf 88' lang='lat'>73,</span> <span class='ocrx_word' id='word_1_530' title='bbox 1947 2336 2000 2367; x_wconf 92' lang='lat' dir='ltr'>ep.</span> <span class='ocrx_word' id='word_1_531' title='bbox 2016 2328 2101 2367; x_wconf 83' lang='grc'><strong>574.)</strong></span> 
     </span>
    </p>

    <p class='ocr_par' dir='ltr' id='par_1_28' title="bbox 832 2377 2439 2580">
     <span class='ocr_line' id='line_1_70' title="bbox 879 2377 2439 2420; baseline 0.003 -12"><span class='ocrx_word' id='word_1_532' title='bbox 879 2377 1013 2409; x_wconf 78' lang='grc'><strong>15045.</strong></span> <span class='ocrx_word' id='word_1_533' title='bbox 1034 2397 1072 2402; x_wconf 88' lang='lat'>——</span> <span class='ocrx_word' id='word_1_534' title='bbox 1091 2379 1170 2411; x_wconf 88' lang='lat' dir='ltr'><strong>Nob.</strong></span> <span class='ocrx_word' id='word_1_535' title='bbox 1196 2379 1357 2411; x_wconf 65' lang='lat' dir='ltr'>Gao‘llelmo</span> <span class='ocrx_word' id='word_1_536' title='bbox 1384 2380 1569 2420; x_wconf 79' lang='lat' dir='ltr'>Raymundi,</span> <span class='ocrx_word' id='word_1_537' title='bbox 1590 2380 1661 2411; x_wconf 91' lang='lat' dir='ltr'>filio</span> <span class='ocrx_word' id='word_1_538' title='bbox 1682 2381 1807 2420; x_wconf 88' lang='lat' dir='ltr'>quond.</span> <span class='ocrx_word' id='word_1_539' title='bbox 1832 2380 2030 2420; x_wconf 88' lang='lat' dir='ltr'>Berengarii</span> <span class='ocrx_word' id='word_1_540' title='bbox 2055 2380 2128 2411; x_wconf 90' lang='lat' dir='ltr'>mil.</span> <span class='ocrx_word' id='word_1_541' title='bbox 2158 2380 2380 2418; x_wconf 82' lang='lat' dir='ltr'>Avenionen.,</span> <span class='ocrx_word' id='word_1_542' title='bbox 2405 2381 2439 2412; x_wconf 86' lang='lat' dir='ltr'>et</span> 
     </span>
     <span class='ocr_line' id='line_1_71' title="bbox 834 2433 2437 2474; baseline 0 -10"><span class='ocrx_word' id='word_1_543' title='bbox 834 2433 982 2474; x_wconf 74' lang='lat' dir='ltr'>Galburyi</span> <span class='ocrx_word' id='word_1_544' title='bbox 995 2434 1031 2464; x_wconf 88' lang='lat' dir='ltr'>de</span> <span class='ocrx_word' id='word_1_545' title='bbox 1047 2434 1213 2468; x_wconf 83' lang='lat' dir='ltr'>Sobirano,</span> <span class='ocrx_word' id='word_1_546' title='bbox 1231 2434 1310 2464; x_wconf 83' lang='lat' dir='ltr'>filiae</span> <span class='ocrx_word' id='word_1_547' title='bbox 1326 2442 1357 2465; x_wconf 91' lang='lat' dir='ltr'>n.</span> <span class='ocrx_word' id='word_1_548' title='bbox 1377 2442 1407 2463; x_wconf 96' lang='lat' dir='ltr'>v.</span> <span class='ocrx_word' id='word_1_549' title='bbox 1423 2433 1570 2464; x_wconf 82' lang='lat' dir='ltr'>Fabrani</span> <span class='ocrx_word' id='word_1_550' title='bbox 1586 2434 1626 2464; x_wconf 88' lang='lat' dir='ltr'>de</span> <span class='ocrx_word' id='word_1_551' title='bbox 1642 2433 1808 2465; x_wconf 85' lang='lat' dir='ltr'>Thallatis</span> <span class='ocrx_word' id='word_1_552' title='bbox 1821 2434 1892 2465; x_wconf 85' lang='lat' dir='ltr'>d.ni</span> <span class='ocrx_word' id='word_1_553' title='bbox 1908 2434 1949 2465; x_wconf 87' lang='lat' dir='ltr'>de</span> <span class='ocrx_word' id='word_1_554' title='bbox 1967 2434 2136 2470; x_wconf 86' lang='lat' dir='ltr'>Rubione,</span> <span class='ocrx_word' id='word_1_555' title='bbox 2154 2434 2199 2464; x_wconf 90' lang='lat' dir='ltr'>di.</span> <span class='ocrx_word' id='word_1_556' title='bbox 2218 2433 2437 2472; x_wconf 67' lang='lat' dir='ltr'>Cavallicen„</span> 
     </span>
     <span class='ocr_line' id='line_1_72' title="bbox 832 2486 2435 2527; baseline 0.001 -10"><span class='ocrx_word' id='word_1_557' title='bbox 832 2496 923 2518; x_wconf 88' lang='lat' dir='ltr'><strong>conc.</strong></span> <span class='ocrx_word' id='word_1_558' title='bbox 948 2488 1098 2527; x_wconf 86' lang='lat' dir='ltr'>dispens.</span> <span class='ocrx_word' id='word_1_559' title='bbox 1119 2496 1221 2526; x_wconf 86' lang='lat' dir='ltr'>super</span> <span class='ocrx_word' id='word_1_560' title='bbox 1239 2492 1282 2517; x_wconf 82' lang='lat' dir='ltr'>1v⁰</span> <span class='ocrx_word' id='word_1_561' title='bbox 1299 2487 1519 2526; x_wconf 84' lang='lat' dir='ltr'>consanguin.</span> <span class='ocrx_word' id='word_1_562' title='bbox 1544 2487 1650 2527; x_wconf 80' lang='lat' dir='ltr'>gradu</span> <span class='ocrx_word' id='word_1_563' title='bbox 1674 2487 1709 2517; x_wconf 89' lang='lat' dir='ltr'>in</span> <span class='ocrx_word' id='word_1_564' title='bbox 1729 2487 1878 2518; x_wconf 87' lang='lat' dir='ltr'>matrim.</span> <span class='ocrx_word' id='word_1_565' title='bbox 1899 2486 2136 2518; x_wconf 86' lang='lat' dir='ltr'>contrahendo.</span> <span class='ocrx_word' id='word_1_566' title='bbox 2158 2486 2209 2526; x_wconf 83' lang='lat' dir='ltr'>(A.</span> <span class='ocrx_word' id='word_1_567' title='bbox 2234 2488 2284 2524; x_wconf 88' lang='lat'>17,</span> <span class='ocrx_word' id='word_1_568' title='bbox 2306 2486 2328 2517; x_wconf 81' lang='lat' dir='ltr'>f.</span> <span class='ocrx_word' id='word_1_569' title='bbox 2347 2488 2388 2519; x_wconf 82' lang='lat'>39</span> <span class='ocrx_word' id='word_1_570' title='bbox 2404 2492 2435 2525; x_wconf 77' lang='grc'>·;</span> 
     </span>
     <span class='ocr_line' id='line_1_73' title="bbox 838 2540 1108 2580; baseline -0.004 -9"><span class='ocrx_word' id='word_1_571' title='bbox 838 2540 873 2571; x_wconf 89' lang='lat' dir='ltr'>V.</span> <span class='ocrx_word' id='word_1_572' title='bbox 889 2542 938 2575; x_wconf 83' lang='lat'>73,</span> <span class='ocrx_word' id='word_1_573' title='bbox 955 2549 1006 2580; x_wconf 80' lang='lat' dir='ltr'>ep.</span> <span class='ocrx_word' id='word_1_574' title='bbox 1024 2543 1108 2578; x_wconf 75' lang='lat'><strong>746.)</strong></span> 
     </span>
    </p>

    <p class='ocr_par' dir='ltr' id='par_1_29' title="bbox 833 2591 2439 2793">
     <span class='ocr_line' id='line_1_74' title="bbox 878 2591 2436 2634; baseline 0.003 -12"><span class='ocrx_word' id='word_1_575' title='bbox 878 2591 1012 2623; x_wconf 78' lang='grc'><strong>15046.</strong></span> <span class='ocrx_word' id='word_1_576' title='bbox 1033 2611 1071 2616; x_wconf 92' lang='grc'>-</span> <span class='ocrx_word' id='word_1_577' title='bbox 1094 2594 1176 2634; x_wconf 83' lang='lat' dir='ltr'><strong>Ep.o</strong></span> <span class='ocrx_word' id='word_1_578' title='bbox 1204 2593 1366 2625; x_wconf 64' lang='lat' dir='ltr'><strong>Cacumen.</strong></span> <span class='ocrx_word' id='word_1_579' title='bbox 1396 2594 1509 2624; x_wconf 90' lang='lat' dir='ltr'>mand.</span> <span class='ocrx_word' id='word_1_580' title='bbox 1533 2595 1570 2624; x_wconf 89' lang='lat' dir='ltr'>ut</span> <span class='ocrx_word' id='word_1_581' title='bbox 1591 2593 1744 2625; x_wconf 80' lang='lat' dir='ltr'>absolvat</span> <span class='ocrx_word' id='word_1_582' title='bbox 1768 2594 1947 2634; x_wconf 88' lang='lat' dir='ltr'>Hugonem</span> <span class='ocrx_word' id='word_1_583' title='bbox 1968 2593 2008 2624; x_wconf 88' lang='lat' dir='ltr'>de</span> <span class='ocrx_word' id='word_1_584' title='bbox 2028 2593 2152 2633; x_wconf 85' lang='lat' dir='ltr'>Aprili,</span> <span class='ocrx_word' id='word_1_585' title='bbox 2178 2602 2270 2624; x_wconf 89' lang='lat' dir='ltr'><strong>mon.</strong></span> <span class='ocrx_word' id='word_1_586' title='bbox 2290 2595 2436 2626; x_wconf 82' lang='lat' dir='ltr'>monast.</span> 
     </span>
     <span class='ocr_line' id='line_1_75' title="bbox 833 2647 2438 2686; baseline 0 -8"><span class='ocrx_word' id='word_1_587' title='bbox 833 2656 860 2678; x_wconf 85' lang='lat' dir='ltr'>s.</span> <span class='ocrx_word' id='word_1_588' title='bbox 877 2648 1041 2685; x_wconf 85' lang='lat' dir='ltr'>Marcelli,</span> <span class='ocrx_word' id='word_1_589' title='bbox 1064 2648 1205 2679; x_wconf 89' lang='lat' dir='ltr'>Cisterc.</span> <span class='ocrx_word' id='word_1_590' title='bbox 1234 2648 1320 2683; x_wconf 86' lang='lat' dir='ltr'><strong>ord.‚</strong></span> <span class='ocrx_word' id='word_1_591' title='bbox 1342 2648 1519 2679; x_wconf 88' lang='lat' dir='ltr'>Caturcen.</span> <span class='ocrx_word' id='word_1_592' title='bbox 1539 2647 1598 2682; x_wconf 90' lang='lat' dir='ltr'><strong>di.‚</strong></span> <span class='ocrx_word' id='word_1_593' title='bbox 1617 2647 1676 2686; x_wconf 89' lang='lat' dir='ltr'>qui</span> <span class='ocrx_word' id='word_1_594' title='bbox 1700 2647 1889 2678; x_wconf 86' lang='lat' dir='ltr'>Arnaldum</span> <span class='ocrx_word' id='word_1_595' title='bbox 1910 2647 1958 2678; x_wconf 86' lang='lat' dir='ltr'>La</span> <span class='ocrx_word' id='word_1_596' title='bbox 1975 2647 2098 2683; x_wconf 89' lang='lat' dir='ltr'>Barda,</span> <span class='ocrx_word' id='word_1_597' title='bbox 2121 2655 2212 2678; x_wconf 90' lang='lat' dir='ltr'><strong>mon.</strong></span> <span class='ocrx_word' id='word_1_598' title='bbox 2231 2647 2377 2678; x_wconf 85' lang='lat' dir='ltr'>monast.</span> <span class='ocrx_word' id='word_1_599' title='bbox 2396 2647 2438 2678; x_wconf 84' lang='lat' dir='ltr'>de</span> 
     </span>
     <span class='ocr_line' id='line_1_76' title="bbox 833 2699 2439 2740; baseline -0.001 -8"><span class='ocrx_word' id='word_1_600' title='bbox 833 2701 996 2736; x_wconf 82' lang='lat' dir='ltr'>Cadunio,</span> <span class='ocrx_word' id='word_1_601' title='bbox 1014 2701 1094 2732; x_wconf 91' lang='lat' dir='ltr'>dicti</span> <span class='ocrx_word' id='word_1_602' title='bbox 1114 2702 1200 2738; x_wconf 64' lang='lat' dir='ltr'>ord„</span> <span class='ocrx_word' id='word_1_603' title='bbox 1216 2701 1382 2732; x_wconf 76' lang='lat' dir='ltr'>Sarlaten.</span> <span class='ocrx_word' id='word_1_604' title='bbox 1401 2701 1460 2735; x_wconf 81' lang='lat' dir='ltr'><strong>di..</strong></span> <span class='ocrx_word' id='word_1_605' title='bbox 1483 2702 1563 2732; x_wconf 86' lang='lat' dir='ltr'>tunc</span> <span class='ocrx_word' id='word_1_606' title='bbox 1581 2701 1662 2731; x_wconf 86' lang='lat' dir='ltr'>dicti</span> <span class='ocrx_word' id='word_1_607' title='bbox 1681 2709 1708 2731; x_wconf 91' lang='lat' dir='ltr'>s.</span> <span class='ocrx_word' id='word_1_608' title='bbox 1725 2700 1878 2731; x_wconf 87' lang='lat' dir='ltr'>Marcelli</span> <span class='ocrx_word' id='word_1_609' title='bbox 1893 2701 2040 2732; x_wconf 86' lang='lat' dir='ltr'>monast.</span> <span class='ocrx_word' id='word_1_610' title='bbox 2062 2699 2153 2738; x_wconf 67' lang='lat' dir='ltr'>abb„</span> <span class='ocrx_word' id='word_1_611' title='bbox 2171 2699 2326 2740; x_wconf 85' lang='lat' dir='ltr'>quaedam</span> <span class='ocrx_word' id='word_1_612' title='bbox 2342 2699 2439 2732; x_wconf 90' lang='lat' dir='ltr'>inho-</span> 
     </span>
     <span class='ocr_line' id='line_1_77' title="bbox 833 2753 2218 2793; baseline -0.001 -9"><span class='ocrx_word' id='word_1_613' title='bbox 833 2755 927 2785; x_wconf 85' lang='lat' dir='ltr'>nesta</span> <span class='ocrx_word' id='word_1_614' title='bbox 944 2755 1211 2786; x_wconf 87' lang='lat' dir='ltr'>committentem</span> <span class='ocrx_word' id='word_1_615' title='bbox 1229 2755 1264 2785; x_wconf 91' lang='lat' dir='ltr'>in</span> <span class='ocrx_word' id='word_1_616' title='bbox 1281 2754 1377 2785; x_wconf 88' lang='lat' dir='ltr'>tibiis</span> <span class='ocrx_word' id='word_1_617' title='bbox 1392 2754 1593 2785; x_wconf 88' lang='lat' dir='ltr'>vulneravit.</span> <span class='ocrx_word' id='word_1_618' title='bbox 1612 2754 1664 2792; x_wconf 90' lang='lat' dir='ltr'>(A.</span> <span class='ocrx_word' id='word_1_619' title='bbox 1683 2756 1730 2790; x_wconf 88' lang='grc'>17,</span> <span class='ocrx_word' id='word_1_620' title='bbox 1750 2754 1773 2784; x_wconf 88' lang='lat' dir='ltr'>f.</span> <span class='ocrx_word' id='word_1_621' title='bbox 1791 2755 1848 2785; x_wconf 90' lang='grc'>371</span> <span class='ocrx_word' id='word_1_622' title='bbox 1867 2753 1898 2791; x_wconf 74' lang='lat' dir='ltr'>b3</span> <span class='ocrx_word' id='word_1_623' title='bbox 1921 2753 1957 2784; x_wconf 92' lang='lat' dir='ltr'>V.</span> <span class='ocrx_word' id='word_1_624' title='bbox 1975 2755 2025 2790; x_wconf 88' lang='lat'>73,</span> <span class='ocrx_word' id='word_1_625' title='bbox 2042 2762 2093 2792; x_wconf 91' lang='lat' dir='ltr'>ep.</span> <span class='ocrx_word' id='word_1_626' title='bbox 2112 2753 2218 2793; x_wconf 84' lang='lat'><strong>1565.)</strong></span> 
     </span>
    </p>

    <p class='ocr_par' dir='ltr' id='par_1_30' title="bbox 832 2804 2436 2901">
     <span class='ocr_line' id='line_1_78' title="bbox 879 2804 2436 2848; baseline 0.002 -13"><span class='ocrx_word' id='word_1_627' title='bbox 879 2804 1013 2837; x_wconf 80' lang='lat'><strong>15047.</strong></span> <span class='ocrx_word' id='word_1_628' title='bbox 1031 2826 1068 2830; x_wconf 96' lang='lat'><strong>—</strong></span> <span class='ocrx_word' id='word_1_629' title='bbox 1081 2808 1195 2839; x_wconf 79' lang='lat' dir='ltr'>Joanm‘</span> <span class='ocrx_word' id='word_1_630' title='bbox 1208 2808 1296 2838; x_wconf 84' lang='lat' dir='ltr'>Petri</span> <span class='ocrx_word' id='word_1_631' title='bbox 1307 2808 1387 2837; x_wconf 79' lang='lat' dir='ltr'>dicto</span> <span class='ocrx_word' id='word_1_632' title='bbox 1404 2807 1440 2838; x_wconf 82' lang='lat' dir='ltr'>de</span> <span class='ocrx_word' id='word_1_633' title='bbox 1455 2807 1557 2848; x_wconf 81' lang='lat' dir='ltr'>Spina</span> <span class='ocrx_word' id='word_1_634' title='bbox 1570 2806 1608 2838; x_wconf 83' lang='lat' dir='ltr'>de</span> <span class='ocrx_word' id='word_1_635' title='bbox 1623 2807 1771 2844; x_wconf 69' lang='lat' dir='ltr'>Buaeeria,</span> <span class='ocrx_word' id='word_1_636' title='bbox 1786 2807 1866 2838; x_wconf 84' lang='lat' dir='ltr'><strong>cler.</strong></span> <span class='ocrx_word' id='word_1_637' title='bbox 1882 2806 2079 2838; x_wconf 83' lang='lat' dir='ltr'>Atrebaten.</span> <span class='ocrx_word' id='word_1_638' title='bbox 2098 2807 2158 2842; x_wconf 85' lang='lat' dir='ltr'><strong>di.‚</strong></span> <span class='ocrx_word' id='word_1_639' title='bbox 2174 2815 2266 2838; x_wconf 87' lang='lat' dir='ltr'><strong>conc.</strong></span> <span class='ocrx_word' id='word_1_640' title='bbox 2283 2805 2436 2838; x_wconf 83' lang='lat' dir='ltr'>tabellio-</span> 
     </span>
     <span class='ocr_line' id='line_1_79' title="bbox 832 2860 1326 2901; baseline 0.004 -11"><span class='ocrx_word' id='word_1_641' title='bbox 832 2861 932 2890; x_wconf 84' lang='lat' dir='ltr'>natus</span> <span class='ocrx_word' id='word_1_642' title='bbox 949 2861 1003 2891; x_wconf 83' lang='lat' dir='ltr'>off.</span> <span class='ocrx_word' id='word_1_643' title='bbox 1025 2861 1078 2901; x_wconf 93' lang='lat' dir='ltr'>(A.</span> <span class='ocrx_word' id='word_1_644' title='bbox 1099 2862 1146 2898; x_wconf 85' lang='lat'>18,</span> <span class='ocrx_word' id='word_1_645' title='bbox 1168 2861 1189 2892; x_wconf 86' lang='lat' dir='ltr'>f.</span> <span class='ocrx_word' id='word_1_646' title='bbox 1210 2862 1270 2892; x_wconf 89' lang='lat'>303</span> <span class='ocrx_word' id='word_1_647' title='bbox 1286 2860 1326 2900; x_wconf 79' lang='lat'><strong>¹³.)</strong></span> 
     </span>
    </p>

    <p class='ocr_par' dir='ltr' id='par_1_31' title="bbox 831 2911 2435 3008">
     <span class='ocr_line' id='line_1_80' title="bbox 878 2911 2435 2954; baseline 0.002 -13"><span class='ocrx_word' id='word_1_648' title='bbox 878 2911 1012 2943; x_wconf 78' lang='grc'><strong>15048.</strong></span> <span class='ocrx_word' id='word_1_649' title='bbox 1028 2932 1064 2936; x_wconf 84' lang='grc'><strong>-</strong></span> <span class='ocrx_word' id='word_1_650' title='bbox 1079 2914 1224 2945; x_wconf 88' lang='lat' dir='ltr'>Collatio</span> <span class='ocrx_word' id='word_1_651' title='bbox 1239 2920 1356 2946; x_wconf 88' lang='lat' dir='ltr'>canon.</span> <span class='ocrx_word' id='word_1_652' title='bbox 1372 2915 1405 2945; x_wconf 89' lang='lat' dir='ltr'>et</span> <span class='ocrx_word' id='word_1_653' title='bbox 1417 2913 1520 2954; x_wconf 87' lang='lat' dir='ltr'><strong>praeb.</strong></span> <span class='ocrx_word' id='word_1_654' title='bbox 1538 2914 1619 2944; x_wconf 86' lang='lat' dir='ltr'><strong>eccl.</strong></span> <span class='ocrx_word' id='word_1_655' title='bbox 1637 2915 1781 2953; x_wconf 79' lang='lat' dir='ltr'><strong>Aquen..</strong></span> <span class='ocrx_word' id='word_1_656' title='bbox 1794 2922 1855 2953; x_wconf 89' lang='lat' dir='ltr'>per</span> <span class='ocrx_word' id='word_1_657' title='bbox 1869 2913 1950 2945; x_wconf 86' lang='lat' dir='ltr'>obit.</span> <span class='ocrx_word' id='word_1_658' title='bbox 1968 2913 2143 2953; x_wconf 88' lang='lat' dir='ltr'>Aymerici</span> <span class='ocrx_word' id='word_1_659' title='bbox 2155 2913 2195 2944; x_wconf 89' lang='lat' dir='ltr'>de</span> <span class='ocrx_word' id='word_1_660' title='bbox 2208 2913 2435 2950; x_wconf 83' lang='lat' dir='ltr'>claromonte,</span> 
     </span>
     <span class='ocr_line' id='line_1_81' title="bbox 831 2965 2435 3008; baseline 0.001 -12"><span class='ocrx_word' id='word_1_661' title='bbox 831 2975 902 2997; x_wconf 85' lang='lat' dir='ltr'><strong>vac.</strong></span> <span class='ocrx_word' id='word_1_662' title='bbox 922 2967 1011 3006; x_wconf 88' lang='lat' dir='ltr'>apud</span> <span class='ocrx_word' id='word_1_663' title='bbox 1028 2967 1061 2998; x_wconf 88' lang='lat' dir='ltr'>S.</span> <span class='ocrx_word' id='word_1_664' title='bbox 1080 2970 1118 2998; x_wconf 83' lang='lat' dir='ltr'>A.</span> <span class='ocrx_word' id='word_1_665' title='bbox 1135 2968 1260 3007; x_wconf 86' lang='lat' dir='ltr'>praevia</span> <span class='ocrx_word' id='word_1_666' title='bbox 1276 2968 1417 3007; x_wconf 87' lang='lat' dir='ltr'>speciali</span> <span class='ocrx_word' id='word_1_667' title='bbox 1433 2968 1675 3004; x_wconf 87' lang='lat' dir='ltr'>reservatione,</span> <span class='ocrx_word' id='word_1_668' title='bbox 1696 2967 1878 3008; x_wconf 74' lang='lat' dir='ltr'>Raymundo</span> <span class='ocrx_word' id='word_1_669' title='bbox 1895 2966 2043 3004; x_wconf 86' lang='lat' dir='ltr'>Nauloni,</span> <span class='ocrx_word' id='word_1_670' title='bbox 2062 2966 2184 2998; x_wconf 86' lang='lat' dir='ltr'>rectori</span> <span class='ocrx_word' id='word_1_671' title='bbox 2202 2966 2338 3006; x_wconf 84' lang='lat' dir='ltr'><strong>paroch.</strong></span> <span class='ocrx_word' id='word_1_672' title='bbox 2355 2965 2435 2998; x_wconf 87' lang='lat' dir='ltr'><strong>eccl.</strong></span> 
     </span>
    </p>
   </div>
   <div class='ocr_carea' id='block_1_20' title="bbox 2577 1452 2592 3528">
    <p class='ocr_par' dir='ltr' id='par_1_32' title="bbox 2577 1452 2592 3528">
     <span class='ocr_line' id='line_1_82' title="bbox 2577 1452 2592 3528; baseline 0 0"><span class='ocrx_word' id='word_1_673' title='bbox 2577 1452 2592 3528; x_wconf 95' lang='lat' dir='ltr'> </span> 
     </span>
    </p>
   </div>
  </div>
 </body>
</html>
