2592 3528
374 358 430 388 ¹24

405 444 508 472 Datum
523 438 705 473 Avenione.

379 704 455 738 [(ιν
473 704 553 737 ηυη.)
566 703 620 737 jul.
639 701 726 730 1322.

499 748 529 775 T.
548 748 606 774 ΧΙΙ.

501 809 537 836 Ut
556 809 599 835 s.¹

497 853 527 880 T.
548 853 606 880 ΧΠ.

508 1178 541 1205 Ut
562 1186 585 1205 s.

492 1223 522 1250 T.
541 1223 595 1249 XL.

510 1445 544 1473 Ut
561 1454 584 1472 s.

491 1490 522 1517 T.
539 1490 594 1517 XX.

506 1658 540 1685 Ut
555 1667 578 1685 s.

484 1703 514 1730 T.
535 1703 590 1730 XX.

505 1873 538 1900 Ui
560 1881 582 1899 s.

493 1917 522 1943 T.
539 1917 592 1943 XL.

501 2138 533 2166 Ui
554 2147 577 2165 s.

486 2183 515 2210 T.
538 2184 592 2210 XX.

501 2352 534 2378 Ut
552 2360 575 2379 s.

482 2396 512 2423 Τ.
533 2397 589 2424 Xll.

501 2511 533 2538 L't
549 2521 572 2539 s.

478 2555 508 2582 T.
533 2556 588 2583 XX.

498 2670 533 2698 Ut
554 2679 578 2700 S.

486 2714 515 2741 T.
536 2715 590 2742 XL.

496 2883 531 2910 L't
549 2892 572 2910 s.

391 2926 421 2953 Τ.
444 2927 477 2953 xi
495 2927 536 2960 ¹12,
556 2928 616 2955 xm
634 2930 676 2964 ¹12.

763 354 936 384 JOANNis
960 354 1076 384 PAPAE
1100 352 1200 383 XXH.
1225 351 1476 390 (1316-1334).
1500 367 1539 373 ——
1561 349 1747 380 LITTERAE
1770 348 1995 381 COMMUNES

796 552 911 575 eorum
928 543 1098 574 territorio
1119 541 1331 582 proveniunt,
1361 540 1550 580 praesertim
1574 541 1711 580 propter
1733 539 1986 571 multitudinem
2008 548 2068 580 per
2084 540 2176 572 civit.
2199 540 2388 574 Viterbien.

794 596 1054 631 transeuntium,
1072 595 1112 626 ad
1130 595 1255 625 victum
1273 602 1338 624 non
1357 593 1531 624 sufficiunt
1548 593 1758 624 eorumdem.
1780 593 1835 634 (A.
1860 595 1909 631 17,
1934 593 1956 624 f.
1975 595 2033 625 173
2049 593 2078 632 ¹‘;
2101 592 2135 625 V.
2156 595 2207 632 73,
2225 602 2278 635 ep.
2295 595 2391 631 104ος

794 650 950 684 Τὴθίηθν.
969 647 1073 679 Codeoe
1091 647 1319 687 diplomaticus,
1337 648 1360 678 t.
1378 646 1404 683 1,
1422 655 1454 686 p.
1473 647 1546 684 515,
1564 654 1597 677 n.
1616 645 1884 686 DCLXXXIX.)

842 699 973 730 15715.
992 718 1030 722 -
1051 701 1174 731 Hector-i
1196 699 1385 730 Patrimonii
1399 698 1428 730 b.
1445 699 1533 729 Petri
1554 699 1586 729 in
1612 698 1720 730 Tuscia
1743 699 1922 731 mandatur
1937 699 2027 731 idem
2041 709 2079 732 ac
2095 709 2211 740 supra,
2229 709 2262 732 n.
2279 702 2391 733 15743.

793 756 845 796 (Α.
865 757 912 791 17,
932 755 953 785 r.
973 757 1030 785 174
1046 759 1079 789 ³5
1103 753 1134 783 V.
1155 755 1204 789 73,
1220 761 1271 792 ep.
1294 753 1399 792 1041.)

840 805 972 836 15716.
991 824 1029 829 -
1044 806 1152 836 Eidem
1168 806 1281 837 mand.
1298 807 1334 836 ut
1350 805 1510 837 informet
1532 814 1635 845 super
1657 805 1795 846 querela
1812 806 1930 846 populi
1946 807 1980 838 et
1995 807 2187 838 communis
2202 807 2389 840 viterbien.

792 870 833 892 ex
850 869 888 891 eo
906 860 995 900 quod
1010 860 1053 890 id.
1072 861 1179 890 rector
1191 859 1321 891 taillam
1334 867 1394 890 seu
1410 859 1587 890 collectam
1601 858 1643 890 ab
1659 859 1745 898 ipsis
1759 859 1884 899 exiget,
1896 868 1973 890 cum
1989 859 2118 891 nullam
2133 860 2393 893 consuevissent

792 913 1064 945 antecessoribus
1079 913 1152 951 ejus
1168 912 1311 943 solvere.
1329 911 1382 952 (A.
1407 914 1455 950 17,
1474 912 1495 943 f.
1510 914 1570 944 174
1581 917 1617 949 ⁸3
1639 912 1676 943 V.
1695 914 1746 948 73,
1759 921 1813 952 ep.
1836 913 1935 953 1042;
1953 912 2110 951 Theiner,
2124 912 2229 945 Codex
2242 913 2391 955 diploma-

793 967 879 1002 ticus,
896 968 919 996 t.
938 967 962 1002 Ι,
982 975 1013 1005 p.
1029 967 1100 1002 516,
1120 965 1192 996 doc.
1214 965 1376 1003 DCXCI.)

837 1016 970 1048 15747.
993 1037 1026 1042 -—
1044 1019 1224 1049 Senatorem
1243 1023 1271 1048 et
1288 1017 1435 1059 populum
1450 1018 1576 1049 Roman.
1592 1018 1746 1050 hortatur
1759 1018 1917 1050 Pontifex
1933 1019 1969 1050 ut
1984 1019 2078 1051 civit.
2096 1019 2285 1052 Vlterbien.
2303 1019 2393 1060 ejus-

790 1081 855 1112 que
874 1072 1036 1111 populum
1056 1071 1202 1103 habeant
1223 1072 1475 1103 commendatos
1490 1073 1523 1103 et
1540 1080 1559 1102 a
1575 1071 1755 1112 quibusvis
1771 1071 1942 1104 molestiis
1964 1081 2003 1104 ac
2017 1072 2273 1113 gravaminibus
2287 1072 2393 1105 absti-

791 1128 901 1157 neant.
919 1126 972 1164 (A.
991 1127 1039 1162 17,
1058 1125 1080 1156 f.
1103 1126 1161 1155 174
1177 1130 1213 1161 ³,-
1237 1124 1270 1156 V.
1293 1126 1342 1160 73,
1360 1133 1412 1164 ep.
1431 1126 1535 1163 1013.)

836 1175 971 1207 15710.
990 1195 1028 1200 -
1046 1177 1163 1218 Populo
1179 1183 1206 1208 ec
1222 1178 1420 1208 universitati
1440 1178 1601 1210 Viterbien.
1629 1186 1722 1210 conc.
1744 1178 1786 1210 ad
1803 1178 1836 1210 S.
1865 1178 1905 1210 A.
1922 1178 2172 1219 beneplacitum
2184 1180 2222 1211 ut
2243 1179 2390 1221 singulis

790 1232 932 1268 vicibus,
950 1231 1074 1271 quibus
1088 1232 1122 1263 S.
1140 1233 1181 1263 A.
1204 1240 1320 1262 eorum
1338 1231 1430 1262 civit.
1446 1232 1487 1262 de
1511 1232 1678 1272 potestate
1699 1231 1878 1271 providere
1897 1232 2082 1270 distulerit,
2100 1233 2168 1273 ipsi
2189 1233 2302 1265 virum
2317 1233 2390 1266 ido·

789 1294 889 1316 neum
917 1293 1091 1316 assumere
1117 1285 1263 1322 valeant,
1286 1285 1345 1324 qui
1367 1293 1427 1324 per
1446 1293 1507 1316 sex
1535 1293 1671 1316 menses
1688 1285 1754 1316 eid.
1782 1285 1875 1316 civit.
1899 1285 2015 1325 praesit
2034 1285 2171 1318 nomine
2189 1286 2288 1318 Sedis
2301 1286 2392 1326 ejus-

788 1340 876 1370 dem.
896 1338 949 1378 (A.
969 1340 1018 1375 17,
1046 1338 1068 1369 f.
1092 1340 1148 1370 175
1163 1344 1190 1375 3,·
1224 1337 1258 1369 V.
1281 1339 1331 1374 73,
1363 1347 1416 1378 ep.
1448 1339 1541 1375 {0445
1560 1338 1719 1379 fsheiner,
1736 1338 1842 1370 Codex
1870 1338 2097 1380 diplomaticus,
2127 1340 2152 1371 t.
2172 1339 2199 1378 I,
2216 1349 2249 1380 p.
2267 1341 2340 1378 514,
2353 1348 2386 1372 n.

788 1391 1069 1431 DCLXXXVII.)

834 1442 967 1474 15719.
986 1463 1024 1468 -
1041 1444 1160 1484 Anqelo
1174 1454 1244 1485 ep.o
1264 1444 1424 1475 Viterbien.
1436 1445 1548 1476 mand.
1565 1445 1602 1476 ut
1619 1445 1800 1485 indulg.x1.
1813 1445 1946 1478 dierum
1961 1446 2122 1477 concedat
2134 1445 2388 1487 eleemosynam

787 1498 991 1530 facientibus
1009 1507 1069 1538 pro
1097 1498 1344 1530 sustentatione
1366 1498 1556 1538 judaeorum
1580 1498 1623 1530 ad
1649 1498 1750 1530 fldem
1773 1507 2014 1531 conversorum
2043 1500 2076 1530 et
2094 1499 2311 1531 meretricum
2327 1508 2390 1541 per

786 1553 935 1584 Fardum
952 1551 1127 1591 Hugolini,
1146 1552 1254 1583 civem
1274 1551 1476 1589 viterbien„
1494 1552 1536 1583 ad
1554 1552 1797 1584 continentiam
1821 1553 2065 1584 revocaturum.
2087 1553 2140 1590 (Α.
2162 1555 2210 1590 17,
2234 1553 2257 1584 f.
2282 1554 2341 1586 175
2355 1553 2387 1591 ⁶3

793 1605 825 1635 V.
845 1607 894 1639 73,
911 1614 962 1644 ep.
989 1607 1093 1643 1045.)

832 1656 970 1688 15750.
993 1677 1031 1682 -
1051 1658 1162 1689 Eidem
1175 1658 1287 1690 mand.
1306 1660 1343 1689 ut
1361 1658 1607 1698 indulgentiam
1624 1668 1661 1688 xi.
1680 1659 1812 1691 dierum
1824 1659 1984 1690 concedat
1999 1667 2121 1690 manus
2135 1659 2388 1700 porrigentibus

787 1713 969 1752 adjutrices
983 1721 1044 1751 pro
1059 1711 1350 1743 consummatione
1363 1712 1477 1751 operis
1493 1712 1573 1743 eccl.
1587 1713 1625 1743 B.
1641 1712 1684 1743 M.
1703 1713 1743 1743 de
1758 1712 1885 1747 Salute,
1903 1721 1941 1743 ac
1956 1712 2078 1744 domus
2093 1713 2135 1744 ad
2150 1721 2236 1752 opus
2251 1713 2388 1753 praedic-

786 1768 897 1796 torum
917 1774 1157 1796 conversorum
1175 1766 1208 1796 et
1224 1765 1419 1803 mulierum,
1437 1773 1566 1796 necnon
1583 1765 1765 1805 hospitalis
1781 1765 1824 1796 ad
1845 1774 2033 1807 pauperum
2055 1774 2156 1797 usum
2181 1766 2271 1798 infra
2293 1766 2386 1799 civit.

786 1819 972 1850 Viterbien.
992 1828 1053 1859 per
1074 1819 1251 1859 praefatum
1269 1818 1418 1850 Fardum
1434 1818 1598 1858 Hugolini
1617 1818 1756 1858 incepti.
1775 1818 1827 1858 (A.
1847 1821 1895 1856 17,
1916 1819 1938 1851 f.
1961 1820 2019 1851 175
2033 1818 2067 1856 ⁶3
2093 1818 2127 1851 V.
2142 1821 2193 1855 73,
2209 1828 2262 1859 ep.
2281 1821 2385 1860 1046.)

830 1870 968 1902 15751.
985 1889 1024 1894 —
1034 1872 1156 1913 Populo
1171 1878 1198 1902 et
1217 1872 1411 1902 universitati
1432 1871 1613 1909 Viterbien„
1625 1873 1664 1903 E.
1679 1873 1720 1904 R.
1735 1871 1907 1909 fidelibus,
1923 1873 2036 1904 mand.
2054 1874 2091 1904 ut
2105 1871 2284 1919 observent
2297 1873 2384 1905 ordi·

785 1927 956 1957 nationem
973 1926 1161 1962 Pontificis,
1183 1934 1241 1965 per
1257 1934 1357 1965 quam
1374 1925 1490 1956 nullus
1507 1934 1632 1961 comes,
1649 1925 1742 1962 baro,
1758 1926 1813 1956 vel
1835 1925 1962 1967 nobilis
1975 1927 2032 1957 aut
2046 1925 2114 1958 alio.
2127 1934 2218 1966 pers.
2235 1926 2276 1958 de
2291 1926 2384 1958 civit.

785 1980 972 2011 viterbien.
989 1988 1053 2010 non
1071 1979 1237 2010 oriundus
1253 1979 1295 2010 ad
1310 1979 1403 2010 civit.
1420 1979 1474 2010 vel
1491 1978 1737 2010 habitationem
1752 1978 1844 2010 civit.
1864 1979 1975 2019 ipsius
1991 1978 2119 2019 absque
2134 1979 2169 2010 S.
2184 1980 2225 2010 A.
2243 1979 2386 2020 speciali

784 2033 921 2064 licentia
935 2034 1046 2072 potest
1062 2032 1207 2063 admitti.
1226 2032 1278 2071 (A.
1294 2034 1343 2070 17,
1360 2031 1382 2063 f.
1403 2034 1461 2064 176
1477 2037 1511 2068 ¹²;
1537 2032 1572 2063 V.
1589 2033 1638 2069 73,
1665 2040 1718 2071 ep.
1736 2033 1830 2068 1047;
1852 2032 2010 2069 Theiner.
2034 2032 2138 2064 Codex
2157 2031 2385 2073 diplomaticus,

784 2089 807 2117 t.
825 2087 852 2120 l.
872 2095 904 2126 p.
923 2088 995 2124 515,
1012 2086 1084 2117 doc.
1102 2085 1393 2126 DCLXXXVIII.)

830 2137 966 2169 15752.
986 2157 1022 2162 —
1040 2139 1182 2170 Guittoni
1209 2149 1278 2180 ep.o
1311 2138 1516 2176 Urbevetano,
1540 2139 1652 2170 rectori
1671 2139 1861 2169 patrimonii
1878 2139 1906 2169 b.
1923 2138 2010 2169 Petri
2023 2139 2056 2169 in
2074 2138 2195 2176 Tuscia,
2219 2139 2332 2171 mand.
2347 2141 2386 2172 ut

784 2193 825 2224 ab
845 2194 937 2224 omni
954 2194 1152 2224 executione
1168 2201 1389 2232 processuum
1407 2192 1602 2224 habitorum
1619 2194 1735 2223 contra
1751 2192 1915 2232 populum
1939 2193 1972 2224 et
1996 2201 2175 2224 commune
2195 2192 2383 2224 viterbien.

783 2255 824 2277 ex
841 2255 879 2278 eo
897 2247 986 2286 quod
1003 2247 1204 2285 potestatem
1220 2245 1306 2285 ipsis
1325 2247 1412 2276 auct.
1427 2246 1493 2276 litt.
1512 2246 1621 2285 apost.
1638 2245 1680 2276 ab
1696 2245 1769 2277 eod.
1788 2254 1865 2285 ep.o
1887 2245 2086 2285 deputatum
2109 2246 2258 2285 recipere
2271 2245 2386 2278 nolue-

783 2302 871 2337 runt,
890 2309 926 2331 se
943 2299 1129 2335 abstineat;
1149 2299 1214 2338 ipsi
1229 2299 1319 2330 enim
1332 2299 1374 2330 ad
1389 2299 1423 2330 S.
1441 2299 1481 2330 A.
1500 2299 1768 2338 appellaverunt.
1787 2299 1839 2337 (A.
1858 2301 1906 2336 17,
1922 2299 1944 2330 f.
1963 2299 2019 2330 241
2035 2304 2068 2335 ⁸;
2089 2298 2122 2328 V.
2139 2300 2189 2334 73,
2206 2307 2259 2338 ep.
2278 2300 2383 2337 1051.)

828 2351 961 2383 15753.
981 2370 1020 2376 —
1034 2352 1075 2383 Ν.
1092 2363 1120 2382 υ.
1139 2352 1287 2382 Silvester
1305 2352 1390 2383 Gatti
1407 2352 1443 2382 de
1465 2351 1598 2382 Viterbio
1612 2352 1651 2383 E.
1670 2352 1711 2383 R.
1729 2351 1843 2383 fidelis
1859 2361 1897 2382 ac
1910 2352 1985 2389 filii,
2003 2361 2079 2392 nep.
2092 2354 2125 2383 et
2140 2351 2385 2392 consanguinei

781 2407 855 2446 ejus
875 2416 911 2437 ac
929 2407 1017 2437 bona
1034 2406 1076 2437 ad
1094 2414 1170 2436 eum
1195 2407 1227 2436 et
1249 2406 1291 2436 ad
1311 2406 1405 2445 ipsos
1426 2406 1531 2445 spect.
1554 2405 1789 2444 suscipiuntur
1804 2405 1867 2436 sub
1897 2405 1930 2436 S.
1957 2407 1998 2436 A.
2022 2405 2241 2444 protectione.
2261 2405 2312 2444 (A.
2332 2407 2381 2444 17,

781 2461 803 2492 f.
823 2462 877 2491 241
897 2465 927 2494 ι;
950 2460 986 2490 V.
1004 2462 1053 2497 73,
1073 2468 1124 2498 ep.
1145 2459 1247 2498 1052.)
1884 2492 1888 2497 ι

827 2510 961 2542 15751.
981 2531 1019 2535 -
1035 2511 1267 2543 Visitantibus
1294 2511 1374 2542 eccl.
1402 2511 1605 2547 Viterbien.,
1627 2511 1662 2542 in
1689 2519 1756 2550 qua
1780 2513 2000 2542 conservatur
2022 2512 2173 2542 mentum
2191 2519 2219 2542 S.
2239 2511 2382 2543 Joannis

780 2567 954 2607 Baptistae,
972 2566 1007 2597 in
1024 2566 1111 2596 festo
1128 2554 1337 2596 Nativitatis'
1347 2564 1457 2603 ipsius
1475 2563 1585 2595 sancti
1606 2572 1698 2595 conc.
1717 2564 1846 2604 indulg.
1865 2564 1968 2595 unius
1982 2564 2074 2601 anni,
2092 2573 2133 2594 xi.
2150 2572 2231 2595 vero
2249 2564 2383 2596 dierum

779 2629 839 2660 per
855 2621 1019 2651 octavam.
1039 2619 1091 2658 (A.
1110 2620 1159 2656 17,
1176 2618 1199 2648 f.
1215 2619 1272 2648 211
1290 2623 1321 2654 ⁸;
1349 2617 1382 2647 V.
1398 2619 1448 2654 73,
1467 2626 1518 2657 ep.
1538 2617 1642 2657 1053.)

826 2670 961 2703 15755.
979 2690 1018 2695 -
1039 2672 1145 2712 Ep.us
1171 2671 1345 2707 Vilerbien.,
1371 2675 1399 2700 et
1425 2680 1449 2700 s.
1474 2669 1591 2710 Anqeli
1615 2680 1651 2700 ac
1670 2680 1694 2700 s.
1717 2669 1842 2701 Maeleaei
1874 2670 2038 2702 Viterbien.
2056 2671 2180 2711 priores
2201 2670 2326 2702 dantur
2343 2672 2382 2702 ut

775 2727 908 2766 judices
926 2725 1181 2757 conservatores
1198 2724 1369 2755 communi
1388 2725 1421 2754 et
1435 2723 1560 2763 populo
1577 2723 1780 2760 viterbien„
1798 2723 1837 2754 E.
1853 2724 1895 2756 R.
1913 2723 2085 2761 fidelibus,
2104 2724 2147 2755 ad
2164 2724 2377 2761 decennium,

779 2781 896 2811 contra
912 2780 1100 2819 potestates
1117 2780 1148 2809 et
1174 2777 1260 2808 alios
1285 2777 1325 2808 de
1349 2777 1559 2808 Patrimonio
1583 2775 1617 2807 b.
1634 2776 1729 2807 Petri
1754 2776 1790 2807 in
1811 2777 1936 2808 Tuscia
1957 2779 1988 2808 et
2010 2777 2160 2817 partium
2175 2777 2377 2809 vicinarum.

778 2834 830 2874 (A.
849 2834 898 2870 17,
917 2833 939 2864 f.
955 2834 1011 2863 2⁴1
1030 2831 1061 2867 b;
1082 2831 1119 2862 V.
1132 2833 1182 2868 73,
1195 2839 1247 2870 ep.
1266 2832 1345 2862 1054
1360 2839 1368 2867 3
1382 2829 1540 2867 Theiner,
1561 2829 1663 2860 Codex
1677 2828 1904 2870 diplomaticus,
1918 2831 1942 2861 t.
1960 2830 1988 2867 Ι,
2004 2837 2037 2870 p.
2054 2832 2127 2867 515,
2139 2829 2214 2861 doc.
2231 2830 2378 2870 DCXG.)

824 2883 948 2915 15756
977 2903 1014 2908 -
1031 2882 1158 2924 Huqoni
1173 2882 1304 2914 Jordani
1321 2882 1358 2913 de
1372 2882 1478 2913 Insula
1494 2883 1604 2922 gratia
1617 2891 1713 2923 exsp.
1727 2891 1846 2914 canon.
1862 2884 1895 2914 et
1909 2883 2012 2923 praeb.
2029 2883 2110 2915 eccl.
2125 2883 2166 2914 de
2180 2891 2207 2914 s.
2223 2882 2378 2915 Gauden-

777 2939 837 2974 tio,
857 2939 1093 2970 Convenarum
1112 2937 1172 2974 di„
1189 2945 1249 2977 per
1264 2938 1450 2968 consecrat.
1468 2929 1647 2967 Bertrandi
1662 2936 1761 2968 electi
1778 2936 1962 2968 Nivernen.
1979 2936 2014 2968 in
2030 2936 2186 2976 proximo
2203 2938 2377 2968 vacaturo-

807 3047 830 3070 1.
847 3045 880 3070 R.
895 3046 927 3070 V.
944 3054 975 3069 z
992 3052 1056 3070 non.
1069 3044 1122 3076 jul.
