2592 3528
6 2497 18 2504 ψ
0 2292 29 2491 οχίθὲὲἓὲὔέᾞ
0 2282 3 2287 “
19 2231 34 2238 ¹.-
18 2195 24 2212 .,.

163 419 268 446 Datum
290 412 475 446 Avenione.

207 528 249 556 23
261 536 325 556 nov.
340 527 428 555 1321.

214 574 257 608 (ix
272 572 332 600 kal.
350 571 428 605 dee.)

240 617 271 644 T.
292 617 325 652 X,
343 616 401 644 XII.

279 693 315 720 Ut
334 701 357 720 s.

227 737 257 765 T.
279 738 325 771 XI,
338 737 410 764 XIII.
428 752 430 755 ν

272 911 309 939 Ut
337 919 361 938 s.

241 955 272 983 T.
289 955 323 990 X,
340 955 399 983 XII.

286 1075 322 1103 Ut
340 1084 364 1104 s.

243 1119 274 1148 T.
294 1120 328 1154 X,
345 1119 405 1149 XII.

287 1187 324 1215 Ut
339 1196 363 1215 s.

246 1231 276 1259 T.
295 1232 327 1266 X,
344 1232 402 1260 XII.

282 1407 318 1434 Ut
342 1415 366 1435 s.

245 1451 274 1478 T.
292 1451 325 1485 X,
342 1451 400 1479 XII.

282 1517 319 1544 Ut
339 1526 361 1544 s.

233 1561 263 1588 T.
282 1561 327 1596 XI,
341 1562 411 1589 XIII.

286 1681 321 1708 Ut
335 1690 358 1708 s.

266 1725 296 1752 T.
313 1725 383 1753 XVI.

282 1899 319 1927 Ut
338 1907 362 1928 s.

244 1944 276 1971 T.
292 1944 324 1977 X,
341 1944 400 1973 XII.

288 2117 324 2144 Ut
337 2125 362 2145 s.

283 2161 314 2188 T.
335 2161 367 2188 X.

285 2227 322 2255 Ut
338 2236 362 2255 s.

235 2271 265 2299 T.
283 2272 328 2306 XI,
340 2272 411 2300 XIII.

286 2498 323 2526 Ut
338 2506 361 2525 s.

227 2542 258 2570 T.
273 2543 333 2577 XII,
348 2543 418 2570 XIV.

283 2768 321 2796 Ut
341 2777 365 2796 s.

229 2813 260 2840 T.
276 2813 336 2848 XII,
352 2813 422 2841 XIV.

538 324 711 360 JOANNIS
736 324 854 355 PAPAE
877 324 979 355 XXII.
1004 325 1252 362 (1316-1334).
1274 342 1313 347 —
1337 324 1523 354 LITTERAE
1547 324 1771 355 COMMUNES
2128 323 2167 354 35

610 522 744 554 14783.
761 542 798 546 -
816 525 938 556 Collat.
954 533 1072 556 canon.
1090 524 1154 555 sub
1168 533 1263 564 exsp.
1279 524 1382 564 praeb.
1401 525 1481 556 eccl.
1499 525 1755 556 Wratislavien.
1772 525 1863 555 Petro
1877 525 1987 565 quond.
2007 526 2166 568 Pastolay.

563 596 601 601 —
617 579 643 610 I.
663 587 692 610 e.
710 587 754 610 m.
771 578 895 609 archid.
913 578 1186 613 wratislavien„
1203 582 1235 609 et
1249 580 1334 609 cant.
1350 578 1534 614 Gneznen.‚
1552 586 1589 609 ac
1606 578 1731 609 Busolo
1745 578 1785 609 de
1801 579 1935 615 Parma,
1953 588 2024 609 can.
2043 580 2167 611 Torna-

563 641 635 663 cen.
652 632 733 663 eccl.
748 632 802 671 (A.
818 633 867 669 16,
892 632 914 662 f.
935 634 992 662 195
1009 637 1037 669 ³;
1060 631 1096 662 V.
1112 633 1163 669 73,
1180 640 1232 670 ep.
1248 631 1333 670 364.)

611 686 743 718 14784.
762 707 801 712 —-
820 690 945 720 Eadem
964 690 1073 729 gratia
1086 689 1121 720 in
1140 689 1220 720 eccl.
1239 698 1266 719 s.
1280 689 1424 720 Joannis
1443 689 1482 719 de
1505 688 1693 724 Pontirolo‚
1715 689 1941 720 Mediolanen.
1960 689 2020 727 di.,
2038 689 2166 720 Nicolao

563 743 600 774 de
616 743 731 774 Paziis.
749 761 786 765 -
802 743 828 774 Ι.
842 751 870 774 e.
890 752 936 774 m.
956 751 1058 782 praep.
1083 751 1110 773 s.
1131 743 1268 782 Georgii
1284 743 1324 773 de
1344 742 1491 777 Brivate,
1516 744 1548 773 et
1565 742 1709 781 archipr.
1726 742 1759 773 S.
1781 742 1826 773 M.
1844 743 1877 773 in
1900 743 2025 779 Monte,
2043 742 2167 774 Medio-

564 797 673 828 lanen.
692 797 752 833 di.,
769 805 807 826 ac
823 805 910 836 mag.
928 797 1059 827 Buxoio
1077 796 1117 827 de
1134 797 1268 833 Parma,
1288 804 1361 826 can.
1387 796 1573 826 Tornacen.
1592 795 1686 832 eccl.,
1712 796 1777 826 PP.
1792 804 1865 834 cap.
1882 796 1933 834 (A.
1954 797 2003 832 16,
2021 796 2042 826 f.
2062 797 2120 827 194
2134 801 2167 831 a;

570 850 608 882 V.
625 851 674 886 73,
694 859 747 889 ep.
762 851 848 888 365.)

612 905 746 937 14785.
763 925 802 930 -
818 908 900 939 Ead.
918 908 1027 948 gratia
1055 908 1090 938 in
1108 907 1188 938 eccl.
1211 907 1398 938 Bononien.
1418 906 1530 938 carolo
1550 906 1617 946 filio
1637 906 1725 936 Falci
1742 906 1778 937 de
1795 906 1941 944 Pac-ibus,
1960 906 1996 937 de
2011 907 2167 944 Bononia,

564 961 630 993 mil.
650 979 687 984 -
706 961 731 992 Ι.
749 970 778 992 6.
795 970 840 992 m.
856 969 884 992 s.
902 961 1059 992 Silvestri
1077 961 1117 992 de
1134 961 1340 997 Nonantula,
1358 961 1523 991 Mutinen.
1541 960 1600 994 di.,
1625 962 1658 991 et
1673 969 1700 991 s.
1718 960 1880 999 Stephani
1895 960 2080 991 Bononien.
2100 968 2169 991 mo-

566 1016 654 1046 nast.
671 1014 760 1052 abb„
777 1023 814 1045 ac
831 1014 976 1054 archipr.
989 1014 1100 1053 plebis
1116 1015 1156 1045 (16
1171 1014 1313 1050 Unzola,
1328 1014 1514 1045 Bononien.
1530 1013 1574 1044 di.
1593 1014 1646 1050 (A.
1663 1015 1711 1049 16,
1730 1012 1752 1044 f.
1771 1014 1830 1044 270
1843 1019 1871 1050 ³;
1894 1013 1929 1044 V.
1947 1015 1995 1051 73,
2015 1022 2067 1053 ep.
2086 1013 2170 1051 376.)

614 1069 749 1102 14786.
768 1090 803 1095 -
822 1073 904 1103 Ead.
921 1073 1030 1113 gratia
1048 1073 1081 1103 in
1101 1072 1181 1103 6661.
1199 1072 1364 1103 Mutinen.
1382 1071 1459 1101 Paci
1476 1071 1544 1112 silio
1559 1070 1714 1102 Guillelmz'
1727 1071 1763 1102 de
1778 1071 1887 1109 Bocca,
1905 1071 1943 1101 de
1957 1070 2066 1102 Feriis.
2087 1087 2123 1093 -—
2141 1071 2168 1102 1.

568 1135 597 1158 e.
616 1135 662 1157 m.
677 1128 714 1158 ut
737 1134 764 1158 s,
783 1126 835 1165 (A.
854 1128 904 1164 16,
925 1126 947 1157 f.
964 1127 1023 1157 270
1040 1125 1071 1162 ὓ,
1094 1126 1130 1157 V.
1147 1128 1196 1162 73,
1213 1134 1266 1165 ep.
1284 1125 1369 1165 377.)

615 1181 750 1213 14787.
771 1201 807 1206 -
821 1184 904 1215 Ead.
921 1184 1028 1224 gratia
1045 1184 1079 1214 in
1103 1184 1183 1215 6661.
1206 1184 1363 1215 Parmen.
1391 1182 1524 1213 Nicolao
1541 1182 1608 1224 filio
1631 1182 1751 1213 Thomae
1767 1183 1802 1213 de
1820 1181 2019 1213 Beccadellis.
2042 1200 2080 1204 -
2098 1182 2123 1213 Ι.
2141 1189 2170 1213 6.

569 1246 614 1269 m.
630 1237 706 1269 abb.
724 1246 751 1268 s.
767 1237 928 1277 Stephani
951 1237 1150 1275 Bononien.,
1168 1238 1200 1268 et
1218 1237 1323 1276 priori
1340 1245 1369 1267 s.
1391 1237 1534 1268 Joannis
1551 1237 1586 1267 in
1601 1237 1714 1267 Monte
1733 1236 1919 1267 Bononien.
1940 1244 2000 1275 per
2022 1235 2171 1275 priorem

570 1291 662 1330 soliti
680 1291 861 1331 gubernari
877 1292 1036 1328 monast„
1056 1299 1093 1322 ac
1107 1299 1194 1331 mag.
1209 1290 1341 1322 Buxolo
1360 1290 1400 1321 de
1418 1290 1551 1326 Parma,
1570 1298 1643 1320 can.
1659 1290 1859 1326 Tornacen„
1876 1290 1941 1320 PP.
1960 1297 2032 1328 cap.
2049 1288 2100 1328 (A.
2123 1290 2171 1326 16,

569 1345 593 1376 f.
609 1347 668 1376 275
683 1350 711 1382 ⁸3
737 1344 769 1375 V.
792 1347 840 1381 73,
860 1354 912 1384 ep.
931 1346 1016 1384 417.)

615 1399 750 1431 14788.
770 1421 807 1425 -
823 1402 905 1433 Ead.
922 1403 1032 1443 gratia
1048 1403 1082 1433 in
1100 1403 1180 1434 eccl.
1198 1402 1375 1434 Faventin.
1397 1400 1559 1442 Symolino
1575 1400 1641 1442 filio
1654 1400 1754 1432 Laudi
1770 1400 1807 1431 de
1825 1399 2028 1430 Bechadellis.
2044 1416 2082 1421 —
2095 1399 2121 1432 Ι.
2141 1408 2171 1432 6.

569 1465 614 1487 m.
646 1457 700 1496 (A.
723 1457 772 1494 16,
801 1456 823 1487 f.
841 1457 900 1487 275
924 1461 955 1492 ¹5
980 1455 1014 1487 V.
1030 1457 1080 1494 73,
1105 1465 1158 1496 ep.
1182 1455 1270 1495 418.)

615 1511 748 1544 14789.
770 1531 805 1535 -
821 1514 904 1545 Ead.
920 1514 1028 1554 gratia
1045 1514 1079 1545 in
1093 1514 1172 1545 eccl.
1192 1513 1399 1545 Athenarum
1416 1513 1549 1545 Andreae
1572 1513 1638 1555 filio
1664 1513 1853 1545 Cazanimici
1867 1514 1904 1545 de
1926 1514 2073 1556 Caciptis.
2091 1533 2129 1538 —
2144 1514 2170 1547 Ι.

568 1576 597 1599 6.
616 1576 660 1598 m.
678 1567 754 1599 abb.
774 1569 920 1599 monast.
936 1577 963 1598 s.
994 1567 1156 1607 Stephani
1183 1567 1381 1605 Bononien.,
1400 1569 1432 1598 et
1450 1567 1595 1607 archipr.
1613 1577 1640 1598 s.
1661 1568 1754 1599 Petri
1772 1568 1806 1598 in
1828 1568 1959 1606 Casale,
1982 1569 2171 1600 Bononien.

568 1621 627 1660 di.,
646 1631 683 1652 ac
698 1621 829 1653 Buxolo
848 1621 888 1652 de
904 1621 1040 1657 Parma,
1059 1630 1131 1652 can.
1149 1621 1336 1652 Tornacen.
1351 1621 1432 1652 eccl.
1450 1622 1503 1661 (A.
1522 1623 1570 1658 15,
1591 1621 1612 1653 f.
1631 1623 1691 1653 334
1708 1627 1739 1659 ³3
1764 1622 1799 1653 V.
1816 1624 1866 1660 73,
1884 1631 1935 1662 ep.
1956 1622 2040 1662 421.)

614 1676 751 1709 14790.
771 1697 809 1701 -
824 1679 985 1719 Dispens.
1003 1688 1107 1719 super
1124 1678 1257 1710 defectu
1275 1678 1452 1714 natalium,
1473 1688 1548 1710 cum
1568 1679 1613 1710 sit
1640 1680 1679 1710 de
1703 1680 1815 1711 soluto
1830 1680 1965 1719 genitus
1985 1681 2017 1711 et
2046 1679 2171 1717 soluta,

567 1733 609 1764 ad
624 1741 742 1764 omnes
758 1733 828 1764 ord.
847 1734 879 1764 et
894 1732 1006 1764 benef.
1022 1741 1050 1763 6.
1070 1741 1097 1764 c.
1116 1731 1349 1770 obtinendum,
1368 1732 1591 1763 Bartholomaeo
1604 1732 1672 1773 filio
1688 1733 1850 1764 Bonvisini
1864 1733 1986 1764 Mathaei
1997 1733 2172 1771 Bonvisim',

567 1787 647 1818 cler.
665 1786 867 1824 Bononien.,
880 1786 966 1817 alias
977 1786 1019 1817 ad
1034 1785 1185 1817 minores
1199 1786 1270 1818 ord.
1284 1788 1316 1818 et
1331 1786 1443 1818 benef.
1462 1795 1489 1817 s.
1505 1796 1532 1817 c.
1546 1788 1634 1818 auct.
1649 1787 1821 1818 ordinaria
1832 1787 2042 1826 dispensato.
2055 1787 2108 1827 (A.
2123 1789 2172 1824 16,

567 1840 590 1872 f.
609 1841 668 1872 335
683 1845 710 1878 ει;
732 1840 769 1871 V.
786 1841 836 1879 73,
857 1849 910 1880 ep.
928 1839 1014 1881 423.)

613 1895 750 1928 14791.
780 1916 819 1921 -
848 1898 970 1930 Collat.
1001 1906 1119 1929 canon.
1149 1898 1212 1929 sub
1230 1907 1325 1938 exsp.
1345 1897 1448 1938 praeb.
1468 1898 1548 1929 eccl.
1566 1898 1682 1929 Pisan.
1706 1897 1827 1929 Villano
1839 1898 1906 1939 filio
1925 1898 2118 1929 Bartlzolucii
2135 1898 2171 1929 de

567 1952 712 1984 Pacibus.
728 1969 765 1974 —-
778 1952 805 1983 Ι.
821 1961 850 1983 6.
867 1961 911 1982 m.
926 1951 1001 1983 abb.
1019 1953 1164 1983 monast.
1183 1960 1210 1982 s.
1228 1952 1389 1992 Stephani
1406 1952 1590 1983 Bononien.
1609 1953 1641 1983 et
1658 1952 1803 1991 archipr.
1822 1960 1849 1983 s.
1867 1952 1960 1983 Petri
1972 1952 2012 1983 de
2028 1952 2172 1989 Unzola,

567 2006 754 2037 Bononien.
771 2005 832 2042 di.,
849 2014 886 2036 ac
903 2005 1035 2036 Buxolo
1055 2005 1095 2036 de
1116 2005 1239 2036 Parma
1256 2014 1328 2036 can.
1347 2006 1547 2043 Tornacen„
1567 2005 1631 2035 PP.
1647 2015 1718 2045 cap.
1745 2006 1795 2043 (A.
1824 2007 1874 2043 16,
1888 2005 1911 2036 f.
1928 2006 2031 2042 290=;
2061 2005 2097 2036 V.
2122 2007 2172 2044 73,

568 2067 620 2098 ep.
639 2060 723 2096 425.)

615 2114 750 2145 14792.
773 2134 809 2138 -
838 2116 942 2157 Ep.us
956 2116 1123 2146 Bononien.
1143 2116 1441 2156 deputaturjudex
1458 2117 1675 2147 conservator
1693 2116 1734 2147 ad
1751 2116 2023 2156 quinquennium
2040 2116 2174 2147 univer-

569 2170 681 2201 sitatis
697 2171 728 2201 et
740 2170 923 2201 scolarium
937 2170 1096 2200 Bononiae
1112 2170 1334 2201 studentium.
1354 2170 1404 2207 (A.
1424 2171 1472 2207 16,
1491 2170 1514 2200 f.
1529 2170 1588 2200 278
1604 2175 1634 2206 ¹²3
1660 2169 1692 2200 V.
1711 2171 1760 2204 73,
1778 2178 1830 2209 ep.
1845 2169 1932 2209 438.)

617 2224 752 2257 14793.
774 2245 812 2249 -
829 2227 949 2258 Collat.
973 2236 1090 2258 canon.
1107 2227 1170 2258 suh
1188 2236 1285 2267 exsp.
1304 2227 1406 2267 praeb.
1427 2227 1506 2258 eccl.
1521 2236 1548 2258 S.
1565 2227 1707 2258 Joannis
1722 2227 1762 2258 de
1780 2227 1966 2263 Persiceto,
1985 2226 2172 2258 Bononien.

571 2281 631 2318 di.,
656 2280 776 2311 Villano
792 2279 853 2311 elio
864 2280 1044 2321 Symoncini
1058 2281 1093 2311 de
1107 2280 1251 2318 pacibus,
1267 2290 1343 2312 cum
1362 2281 1513 2320 dispens.
1534 2281 1779 2320 superdefeclu
1795 2280 1973 2317 natalium,
1991 2289 2067 2310 cum
2078 2280 2123 2311 sit
2132 2280 2172 2312 de

569 2335 681 2365 soluto
698 2336 731 2365 et
742 2334 855 2365 soluta
869 2335 1015 2373 genitus.
1028 2335 1105 2365 —1.
1122 2343 1151 2365 e.
1165 2343 1210 2366 m.
1229 2343 1257 2364 s.
1270 2334 1397 2366 Felicis
1415 2334 1615 2371 Bononien.,
1635 2334 1667 2364 et
1683 2343 1711 2364 s.
1732 2333 1891 2365 Silvestri
1908 2334 1949 2364 de
1965 2334 2174 2371 Nonantula,

568 2388 734 2419 Mutinen.
747 2388 806 2423 di.,
820 2389 965 2419 monast.
979 2387 1069 2424 abb„
1083 2397 1121 2418 ac
1130 2387 1275 2427 archipr.
1289 2387 1399 2427 plebis
1414 2396 1442 2419 s.
1452 2387 1546 2418 Petri
1561 2387 1600 2418 de
1611 2387 1752 2424 Unzola,
1768 2387 2174 2423 Bo110nien.etMutinen.

569 2441 614 2472 di.
631 2441 685 2481 (A.
705 2443 754 2477 16,
773 2441 795 2471 f.
812 2442 871 2472 294
885 2446 913 2478 ³;
941 2440 972 2472 V.
991 2443 1041 2478 73,
1062 2450 1114 2480 6ρ.
1132 2441 1220 2481 449.)

616 2496 751 2528 14794.
777 2515 815 2520 -
828 2499 946 2530 Gratia
956 2507 1052 2538 exsp.
1066 2498 1177 2530 benef.
1196 2499 1322 2536 saecul„
1340 2508 1368 2530 6.
1387 2508 1414 2530 6.
1432 2499 1485 2530 vel
1504 2508 1531 2529 s.
1550 2507 1592 2535 c.,
1605 2498 1742 2529 etiamsi
1760 2498 1864 2538 dign„
1882 2498 1936 2529 vel
1955 2498 2010 2529 off.
2030 2507 2090 2529 seu
2103 2507 2178 2538 per·

569 2553 709 2583 sonatus
725 2552 862 2588 existat,
877 2552 912 2582 in
929 2552 1024 2590 ech,
1042 2553 1173 2583 civitati
1189 2553 1242 2584 vel
1256 2553 1302 2583 di.
1318 2552 1518 2589 Bononien.,
1535 2552 1719 2583 dummodo
1736 2552 1843 2591 major
1857 2553 1934 2590 post
1947 2551 2176 2590 episcopalem

570 2606 769 2646 dignitatem
788 2614 855 2636 non
871 2606 1007 2642 existat,
1027 2606 1068 2636 ad
1084 2605 1326 2645 cujuscumque
1343 2605 1455 2636 collat.
1473 2606 1608 2644 pertin„
1621 2604 1733 2636 Carolo
1747 2604 1814 2645 filio
1828 2604 1974 2634 Falconis
1986 2604 2021 2635 de
2030 2604 2175 2642 Facibus,

568 2658 605 2690 de
626 2659 778 2695 Bononia,
801 2658 880 2694 mil„
898 2668 971 2690 can.
990 2660 1190 2694 Bononien.,
1208 2668 1284 2690 cum
1302 2659 1454 2698 dispens.
1473 2667 1575 2699 super
1588 2659 1721 2690 defectu
1737 2658 1847 2690 aetatis
1878 2658 1927 2698 (21
1951 2658 2018 2697 an).
2039 2658 2091 2698 (A.
2125 2658 2174 2693 16,

570 2712 592 2744 t'.
622 2713 678 2744 341
695 2711 730 2749 b;
755 2712 788 2743 V.
813 2714 863 2750 73,
883 2721 935 2752 ep.
953 2713 1039 2750 458.)

617 2767 750 2799 14795.
767 2787 807 2793 -
823 2770 944 2801 Collat.
972 2778 1089 2801 canon.
1111 2770 1173 2800 sub
1192 2779 1288 2809 exsp.
1308 2770 1411 2809 praeb.
1429 2770 1508 2801 eccl.
1527 2770 1561 2801 S.
1579 2769 1623 2800 M.
1642 2769 1780 2808 Majoris
1802 2769 1989 2800 Bononien.
2008 2768 2175 2799 Bartholo-

569 2833 642 2854 maeo
657 2823 723 2864 filio
734 2823 892 2853 Bonvisini
904 2823 1029 2853 Matlzaei
1040 2823 1216 2860 Bonvisini,
1227 2832 1327 2863 quem
1343 2823 1442 2854 hodie
1456 2823 1523 2854 PP.
1534 2822 1745 2861 dispensavit
1756 2830 1858 2860 super
1867 2822 1999 2852 defectu
2013 2821 2177 2852 natalium

571 2876 659 2916 (vide
678 2885 792 2916 supra,
810 2885 844 2906 n.
862 2877 984 2914 14790).
1004 2893 1042 2898 -
1059 2877 1085 2907 Ι.
1105 2886 1134 2907 6.
1153 2885 1198 2907 m.
1215 2885 1243 2907 s.
1266 2876 1427 2916 Stephani
1445 2876 1645 2912 Bononien.,
1665 2876 1698 2906 et
1715 2874 1860 2913 archipr.
1884 2874 1964 2905 6661.
1987 2883 2015 2904 s.
2033 2874 2126 2904 Petri
2142 2873 2177 2903 in

541 2935 543 2986 1
572 2929 690 2960 Casale
710 2929 897 2960 Bononien.
915 2930 975 2966 di.,
994 2938 1032 2960 ac
1055 2929 1180 2960 Bosolo
1199 2930 1239 2960 de
1262 2930 1386 2960 Parma
1402 2938 1475 2960 can.
1493 2929 1692 2964 Tornacen.,
1712 2928 1777 2958 PP.
1796 2935 1869 2966 cap.
1888 2927 1925 2965 (A
1961 2928 2008 2963 16,
2031 2926 2045 2956 f
2074 2928 2132 2957 359
2148 2930 2176 2962 ⁸3

541 2990 544 3049 l
582 2981 615 3012 V.
647 2984 697 3018 73,
712 2990 764 3021 ep.
783 2983 867 3020 543.)
