2592 3528
376 342 415 373 94

407 428 510 456 Datum
530 421 714 457 Avenione.

397 528 433 557 14
444 530 478 565 (II
494 529 544 563 id.)
559 530 627 556 maii
644 527 730 556 1322.

507 573 535 600 Τ.
558 573 615 600 ΧΧ.

412 793 448 821 15
461 794 523 828 (id.)
540 794 606 820 maii
622 793 709 820 1322.

406 838 452 866 Gr.
470 846 520 873 pro
537 846 612 872 pers.
631 837 711 864 card.

522 1056 556 1084 Ut
573 1065 595 1083 s.

518 1322 553 1349 Ut
570 1329 594 1348 s.

495 1366 526 1394 T.
546 1365 617 1393 XVI.

514 1428 550 1455 Ut
573 1436 597 1455 s.

464 1472 494 1499 T.
509 1472 557 1508 XI,
576 1472 647 1499 XIII.

515 1907 550 1934 Ut
569 1915 592 1934 s.

425 1951 456 1978 T.
473 1951 494 1978 X
515 1951 559 1985 ¹l2›
574 1951 622 1978 XII
641 1951 685 1985 ¹l2.

516 2173 551 2200 Ut
572 2181 595 2200 s.

482 2216 513 2242 T.
536 2217 628 2244 XXIV.

515 2384 550 2411 Ut
569 2393 592 2411 s.

493 2429 522 2455 T.
540 2429 610 2456 XVI.

519 2544 553 2571 Ut
568 2552 591 2571 s.

518 2702 591 2730 Uts.

502 2747 533 2774 T.
553 2748 609 2775 XX.

514 2807 552 2836 Ut
571 2817 594 2836 s.

477 2852 507 2879 T.
524 2853 556 2886 X,
576 2853 634 2881 Xll.

780 336 953 368 JOANNIS
978 335 1096 366 PAPAE
1118 334 1219 364 xxii.
1244 331 1491 374 (1316-1334).
1516 348 1553 353 —
1577 329 1763 359 LITTERAE
1786 328 2012 360 COMMUNES

849 523 982 555 123421.
1003 541 1038 547 —-
1055 524 1250 555 Suessionen.
1267 527 1295 552 et
1316 520 1518 552 catalaunen.
1536 520 1626 560 epa's,
1649 528 1684 550 ac
1705 518 1820 550 decano
1841 519 1914 550 eccl.
1934 519 2056 551 Romen.
2078 519 2192 551 mand.
2211 520 2249 551 ut
2267 519 2335 551 PP.
2352 519 2401 551 in·

804 579 948 611 forment
965 586 1067 617 super
1085 575 1221 607 licentia
1235 583 1294 615 per
1310 573 1519 612 archiep.um
1534 573 1674 604 Remea.
1695 572 1802 612 petita
1816 572 2031 613 permutandi
2050 573 2158 605 terras
2172 572 2213 604 de
2229 572 2402 604 Massonio

802 634 834 664 et
853 632 893 663 de
910 631 1132 666 Bellomonte,
1148 629 1288 660 Remen.
1307 627 1368 664 di.,
1392 626 1433 657 ad
1451 634 1605 657 mensam
1623 625 1696 666 ejus
1715 626 1907 666 spectantes
1924 627 1958 658 et
1977 627 2075 658 extra
2091 634 2232 667 regnum
2249 626 2402 658 Francioe

802 685 835 715 in
853 684 963 715 medio
979 690 1147 723 perversae
1168 680 1316 711 nationis
1339 679 1481 718 positas,
1501 687 1561 718 pro
1579 678 1658 710 aliis
1675 678 1779 710 terris
1801 687 1863 711 seu
1883 679 2162 720 possessionibus
2185 679 2251 711 eid.
2274 687 2402 711 mensae

802 735 1080 775 utnionhus.(A.
1107 732 1318 771 16‚f.⁴61b;
1348 732 1627 771 V.73‚ep.732)

849 786 982 819 15422.
1002 806 1039 811 --
1056 787 1147 817 Petro
1170 797 1195 817 s.
1217 786 1368 816 Susannae
1386 784 1487 825 presb.
1515 784 1601 815 card.
1626 785 1790 826 indulget.
1814 786 1852 817 ut
1875 785 1950 817 loca
1972 785 2153 818 archidiac.
2178 794 2240 818 suo
2257 785 2299 817 de
2320 785 2402 817 Bor-

801 842 902 873 bonio
926 842 960 872 in
978 841 1057 872 eccl.
1080 839 1262 871 Bituricen.
1290 838 1443 878 subjecta
1467 846 1527 878 per
1552 838 1639 870 alios
1664 847 1772 879 usque
1798 838 1840 870 ad
1862 839 2050 871 triennium
2069 839 2209 871 visitare
2233 839 2354 876 valeat,
2370 840 2403 870 et

802 895 1058 935 procurationes
1077 893 1213 924 interim
1231 891 1392 931 recipere.
1408 908 1447 914 —
1463 891 1489 922 Ι.
1506 900 1534 922 e.
1552 899 1597 922 m.
1615 891 1690 923 abb.
1714 893 1859 924 monast.
1877 892 2041 932 Stirpem,
2061 894 2095 924 et
2110 892 2217 932 priori
2235 892 2276 924 de
2292 901 2320 923 s.
2339 892 2402 924 Re-

802 948 948 984 vetiano,
970 946 1182 978 Lemovicen.
1201 946 1233 976 et
1258 945 1444 976 Nivernen.
1468 944 1527 982 di.,
1553 952 1592 976 ac
1614 944 1741 976 archid.
1760 944 1946 977 Bituricen.
1973 945 2025 983 (A.
2047 947 2096 983 16,
2122 945 2146 978 f.
2167 947 2227 976 414
2239 945 2271 983 1’3
2301 944 2333 975 V.
2350 946 2402 982 73,

801 1009 854 1040 ep.
874 1002 930 1031 128
947 1002 979 1031 et
994 999 1081 1038 800.)

849 1050 979 1082 15423.
1003 1069 1041 1075 -
1066 1051 1241 1093 Napoleoni
1267 1062 1291 1083 s.
1319 1050 1455 1082 Adriani
1476 1050 1556 1082 diac.
1580 1050 1667 1081 card.
1689 1059 1781 1083 conc.
1808 1052 1962 1091 potestas
1986 1051 2173 1092 recipiendi
2199 1052 2361 1092 resignat.
2382 1060 2404 1084 a

800 1106 933 1141 Fentio‚
953 1105 1024 1137 filio
1043 1105 1168 1145 quond.
1186 1104 1358 1136 Albertini
1383 1104 1423 1136 do
1439 1104 1540 1136 Prato
1562 1104 1674 1144 ipsius
1695 1113 1768 1145 cap.
1792 1105 1825 1136 et
1844 1104 1966 1141 famil„
1991 1104 2144 1137 facienda
2169 1105 2210 1137 de
2235 1113 2352 1137 canon.
2369 1105 2406 1137 et

800 1159 902 1199 praeb.
924 1167 1010 1199 quos
1027 1159 1062 1190 in
1085 1158 1315 1193 cameracen„
1329 1157 1562 1195 suessionen„
1579 1158 1770 1198 Patracen.,
1788 1157 1984 1196 carnoten„
2005 1167 2034 1190 s.
2051 1158 2230 1199 Gangetici
2246 1158 2404 1191 Camera-

800 1221 872 1244 cen.
896 1212 976 1244 eccl.
996 1212 1086 1243 acin
1111 1211 1210 1252 plebe
1227 1220 1255 1244 s.
1281 1211 1444 1252 Stephani
1460 1211 1501 1243 de
1525 1211 1641 1249 Prato,
1663 1211 1849 1244 Pistorien.
1873 1211 1932 1248 di.,
1957 1211 2098 1244 obtinet.
2118 1212 2173 1253 (A.
2197 1213 2248 1250 17,
2270 1211 2292 1243 f.
2311 1212 2353 1244 ⁴0
2367 1210 2403 1250 ὓς

807 1265 839 1296 V.
860 1267 910 1303 73,
929 1274 982 1305 ep.
1000 1265 1087 1305 754.)

848 1316 980 1347 15424.
1001 1337 1038 1342 —-
1055 1318 1171 1350 Joanm‘
1182 1328 1249 1359 ep.o
1264 1317 1424 1350 Trecoren.
1440 1326 1532 1350 cone.
1549 1317 1649 1349 facul.
1663 1318 1822 1350 testandi.
1838 1318 1890 1357 (A.
1907 1320 1957 1357 17,
1975 1318 1998 1349 f.
2014 1320 2072 1350 154
2085 1317 2117 1355 ι’;
2135 1317 2168 1350 V.
2184 1319 2233 1356 73,
2250 1326 2303 1358 ep.
2316 1317 2403 1358 944.)

845 1423 979 1455 15425.
997 1444 1034 1448 -
1051 1425 1213 1456 Ber-nardo
1228 1426 1338 1463 Pauci,
1353 1425 1434 1456 cler.
1447 1425 1601 1457 Castren.
1620 1425 1679 1464 di.,
1697 1434 1790 1457 conc.
1805 1426 1914 1466 gratia
1927 1434 2023 1466 exsp.
2040 1425 2152 1458 benef.
2167 1434 2195 1457 c.
2212 1434 2240 1457 c.
2257 1425 2313 1457 vel
2325 1433 2355 1457 s.
2371 1433 2401 1458 c.

798 1479 906 1519 (1001.
922 1481 960 1516 t.)
979 1479 1013 1510 in
1029 1479 1123 1511 civit.
1138 1479 1193 1511 vel
1206 1479 1252 1510 di.
1266 1479 1427 1516 Vauren.,
1441 1487 1518 1510 cum
1533 1479 1746 1511 revocatione
1758 1480 1875 1520 gratiae
1888 1479 2107 1519 expectativae
2119 1487 2238 1510 canon.
2251 1479 2285 1510 et
2296 1477 2400 1519 praeh.

799 1533 878 1564 eccl.
897 1533 937 1564 de
954 1533 1187 1573 Monteregali,
1204 1532 1447 1564 Carcassonen.
1467 1532 1526 1569 di.,
1543 1532 1611 1572 ipsi
1626 1541 1686 1572 per
1703 1533 1900 1564 Pontificem
1917 1541 2098 1564 concessae.
2115 1550 2152 1555 ——
2168 1532 2194 1564 1.
2214 1541 2244 1564 e.
2262 1540 2309 1564 m.
2325 1541 2402 1572 ep.o

797 1586 970 1623 Vasaten„
989 1587 1021 1617 et
1041 1586 1116 1617 abb.
1136 1587 1281 1617 monast.
1302 1586 1342 1617 de
1362 1585 1559 1622 Sorricini0‚
1579 1594 1616 1617 ac
1632 1586 1759 1617 decano
1774 1585 1855 1617 0001.
1872 1586 1913 1617 de
1929 1594 1958 1617 s.
1976 1585 2101 1624 Felice,
2121 1586 2271 1618 Vauren.
2287 1587 2322 1617 et
2336 1585 2403 1618 To·

797 1639 905 1670 loson.
925 1639 971 1670 di.
986 1639 1039 1679 (A
1059 1642 1107 1678 17,
1125 1639 1147 1670 f
1161 1641 1197 1671 91
1214 1639 1246 1677 b;
1270 1638 1303 1670 V.
1323 1641 1372 1674 73,
1392 1647 1443 1679 ep.
1458 1640 1543 1677 975.)

845 1689 1041 1721 15126.-
1066 1692 1179 1724 Jacobo
1196 1692 1262 1733 filio
1280 1693 1410 1724 Joanm's
1426 1692 1612 1732 Soqaltarii,
1636 1692 1673 1722 de
1696 1692 1785 1729 Urbe,
1811 1692 1924 1724 collat.
1945 1701 2064 1724 canon.
2090 1691 2154 1724 sub
2175 1700 2272 1732 exsp.
2296 1690 2399 1732 praeb.

798 1747 877 1777 0001.
895 1747 1067 1784 Parmen.,
1088 1755 1153 1778 non
1174 1746 1261 1778 obst.
1282 1746 1317 1777 in
1337 1746 1417 1778 eccl.
1435 1746 1468 1776 S.
1493 1746 1537 1777 Μ
1557 1746 1592 1776 in
1615 1745 1788 1777 Montibus
1811 1746 1851 1777 de
1870 1745 1962 1778 Urbe
1986 1754 2104 1778 canon.
2129 1747 2162 1778 et
2179 1745 2402 1786 portione.—

797 1800 824 1830 1.
843 1808 872 1830 e.
894 1809 939 1830 m.
957 1809 984 1831 s.
1002 1800 1178 1831 Laurentii
1195 1801 1292 1831 extra
1307 1808 1424 1830 muros
1439 1799 1556 1834 Urbis,
1576 1800 1608 1830 et
1632 1807 1660 1829 s.
1679 1799 1822 1830 Joannis
1839 1799 1999 1831 Parmen.
2017 1800 2164 1831 monast.
2182 1798 2272 1836 abb„
2296 1808 2334 1831 ac
2351 1807 2403 1831 ar-

798 1852 884 1883 chid.
903 1853 1076 1885 Vivarien.
1097 1853 1150 1893 (A.
1171 1855 1220 1890 17,
1237 1852 1260 1883 f.
1278 1853 1337 1884 232
1355 1858 1383 1890 “;
1408 1851 1440 1882 V.
1462 1853 1512 1887 73,
1529 1860 1581 1892 ep.
1601 1852 1705 1892 1321.)

844 1903 978 1936 15427.
997 1925 1034 1929 —
1051 1906 1166 1938 Joanni
1180 1905 1247 1947 filio
1267 1905 1408 1947 Greqorii
1421 1905 1459 1936 de
1477 1905 1678 1943 Fuscisberle‚
1698 1905 1735 1936 de
1753 1905 1832 1936 Urbe
1845 1905 1925 1943 mil..
1942 1906 2055 1938 collat.
2079 1914 2197 1938 canon.
2214 1905 2278 1937 sub
2302 1913 2400 1946 exsp.

797 1959 898 1999 praeb.
917 1960 997 1991 eccl.
1016 1960 1193 1996 Lateran.;
1218 1968 1336 1991 canon.
1356 1960 1470 1991 autem
1490 1959 1523 1990 et
1539 1958 1714 1998 portiones
1733 1967 1761 1990 s.
1780 1967 1808 1991 s.
1830 1959 1974 1991 Joannis
1995 1961 2029 1991 et
2045 1959 2144 1991 Pauli
2163 1968 2201 1991 ac
2217 1968 2245 1990 s.
2265 1958 2401 2000 Cyriaci

796 2013 831 2043 in
847 2014 980 2044 Termis
998 2013 1078 2044 eccl.
1106 2013 1146 2044 de
1171 2013 1260 2044 dicta
1284 2013 1375 2045 Urbe
1399 2012 1561 2043 dimittat.
1578 2029 1616 2034 —
1633 2012 1659 2042 I.
1678 2021 1708 2042 e.
1725 2021 1770 2043 m.
1796 2012 1872 2044 abb.
1894 2014 2040 2044 monast.
2066 2021 2095 2044 s.
2113 2012 2291 2044 Laurentii
2315 2012 2401 2045 foris

796 2075 924 2101 muros,
945 2068 976 2098 et
992 2066 1138 2106 archipr.
1154 2075 1181 2098 s.
1197 2066 1373 2098 Eustachii
1387 2066 1427 2097 de
1441 2065 1546 2102 Urbe,
1561 2073 1598 2096 ac
1613 2066 1700 2097 cant.
1717 2066 1886 2098 Turonen.
1901 2066 1983 2098 eccl.
2001 2066 2052 2105 (A.
2070 2068 2118 2104 17,
2134 2066 2158 2097 f.
2175 2067 2235 2098 232
2247 2071 2275 2103 ²5
2298 2065 2332 2097 V.
2348 2067 2399 2104 73,

796 2129 849 2160 ep.
868 2120 972 2159 1322.)

843 2170 978 2202 15428.
995 2191 1034 2195 -
1050 2173 1090 2204 Ν.
1106 2184 1145 2204 m.
1163 2173 1302 2214 Aloysiae
1317 2173 1392 2214 filiae
1414 2173 1571 2215 Stephani
1585 2175 1622 2206 de
1641 2175 1790 2207 Columna
1811 2182 1904 2205 conc.
1928 2173 2080 2213 dispens.
2099 2174 2136 2205 ut
2159 2181 2236 2204 cum
2253 2173 2399 2213 quodam

798 2226 875 2258 nob.
900 2227 967 2266 ipsi
982 2227 1041 2259 1Υο
1058 2227 1279 2267 consanguin.
1301 2229 1334 2258 et
1350 2227 1442 2258 affin.
1467 2229 1574 2269 gradu
1592 2229 1770 2269 conjuncto
1789 2226 1964 2268 sponsalia
1984 2226 2181 2258 contrahere
2200 2227 2245 2264 et,
2265 2234 2342 2258 cum
2358 2226 2401 2258 ad

796 2281 929 2311 aetatem
946 2280 987 2311 ad
1004 2280 1065 2311 hoc
1082 2280 1238 2311 idoneam
1254 2281 1459 2320 pervenerit,
1477 2283 1626 2314 matrim.
1645 2282 1817 2314 celebrare
1835 2281 1957 2312 valeat.
1975 2280 2029 2321 (A.
2047 2281 2098 2318 17,
2121 2279 2144 2311 f.
2163 2281 2224 2311 232
2236 2279 2250 2301 b
2262 2288 2272 2316 ;
2297 2279 2331 2310 V.
2348 2281 2399 2317 73,

797 2342 848 2373 ep.
870 2335 972 2372 1323.)

843 2384 976 2415 15429.
995 2406 1033 2410 -
1051 2387 1092 2419 Ν.
1111 2397 1138 2418 υ.
1156 2387 1271 2418 Joanm·
1291 2386 1327 2418 de
1350 2387 1486 2420 Ceccano
1505 2393 1532 2419 et
1553 2389 1681 2429 Aqneli,
1701 2388 1776 2428 filia
1791 2398 1822 2418 n.
1847 2397 1876 2418 v.
1894 2386 2048 2428 Stephani
2071 2386 2108 2417 de
2126 2385 2288 2424 Columna,
2306 2395 2399 2418 conc.

796 2439 947 2479 dispens,
963 2449 1067 2480 super
1078 2441 1140 2472 IV⁰
1156 2440 1376 2481 consanguin.
1392 2441 1498 2481 gradu
1514 2441 1549 2473 in
1563 2442 1712 2473 matrim.
1727 2450 1786 2481 per
1799 2440 1903 2472 verba
1915 2441 1956 2472 de
1965 2439 2124 2480 praesenti
2133 2439 2204 2479 Jam
2215 2440 2398 2479 contracto,

796 2502 926 2524 necnon
942 2502 1044 2533 super
1061 2494 1193 2525 defectu
1209 2495 1318 2526 aetatis
1336 2494 1388 2533 (A.
1407 2496 1455 2532 17,
1474 2494 1495 2525 f.
1516 2496 1574 2527 276
1588 2500 1624 2531 ⁸;
1650 2495 1683 2525 V.
1701 2497 1751 2532 73,
1771 2503 1823 2534 ep.
1845 2493 1951 2533 1326.)

844 2544 977 2576 15430.
990 2564 1028 2570 -
1040 2547 1080 2578 Ν.
1096 2557 1124 2578 υ.
1139 2547 1298 2588 Stephano
1315 2547 1352 2578 de
1366 2547 1519 2579 Columna
1534 2548 1699 2589 indulget.
1712 2550 1748 2580 ut
1766 2547 1841 2588 ejus
1852 2546 2029 2579 confessor
2042 2546 2149 2578 semel
2165 2546 2200 2577 in
2213 2546 2335 2578 mortis
2348 2555 2401 2578 ar·

795 2599 900 2631 ticulo
925 2601 1141 2640 peccatorum
1170 2602 1203 2632 et
1229 2610 1404 2640 paenarum
1433 2601 1464 2633 ei
1484 2602 1622 2642 plenam
1643 2601 1884 2633 remissionem
1909 2600 2092 2632 concedere
2119 2599 2241 2631 valeat.
2270 2599 2322 2638 (A.
2349 2601 2399 2638 17,

797 2653 946 2691 f.282a;
971 2653 1265 2694 V.73‚ep.13380

844 2703 981 2737 15431.
998 2723 1036 2730 -
1062 2707 1269 2738 Gaucerandae
1285 2707 1322 2738 de
1341 2707 1459 2746 Insula,
1479 2709 1572 2739 uxori
1591 2708 1740 2739 moa-dicti
1762 2707 1929 2749 Stephani,
1957 2715 2049 2738 conc.
2077 2706 2191 2738 simile
2216 2705 2399 2738 indultum.

797 2758 850 2798 (A.
870 2762 918 2795 17,
938 2759 960 2790 f.
980 2761 1040 2791 282
1057 2766 1088 2797 ³3
1112 2761 1148 2792 V.
1166 2763 1215 2798 73,
1233 2769 1285 2801 ep.
1306 2761 1409 2801 1339.)

844 2810 977 2842 15132.
994 2832 1031 2836 -
1045 2813 1142 2845 Paulo
1161 2813 1378 2845 Bartholomaei
1397 2814 1574 2855 Uquicionis
1591 2815 1631 2846 de
1645 2814 1736 2847 Urbe
1749 2814 1862 2846 collat.
1883 2822 2002 2845 canon.
2018 2812 2082 2844 sub
2100 2821 2177 2852 exp.
2197 2811 2301 2852 praeb.
2317 2811 2398 2844 eccl.

798 2874 824 2896 s.
837 2866 1194 2906 StephaniViterbien.
1209 2877 1216 2905 ;
1234 2876 1299 2899 non
1311 2867 1398 2899 obst.
1414 2869 1503 2908 quod
1520 2869 1555 2900 in
1564 2868 1644 2900 eccl.
1659 2868 1860 2900 Lateranen.
1872 2876 1967 2907 perp.
1978 2866 2200 2898 beneficiatus
2213 2865 2351 2902 existat,
2365 2866 2400 2897 et

797 2919 932 2958 paroch.
950 2919 1031 2951 0001.
1046 2920 1081 2952 S.
1100 2921 1144 2952 Μ.
1163 2921 1203 2952 de
1219 2921 1442 2960 Bellomonte,
1463 2922 1614 2953 Firman.
1634 2922 1694 2957 di.,
1712 2921 1874 2953 obtineat.
1897 2937 1935 2943 —
1949 2920 1977 2952 Ι.
2001 2928 2030 2951 0.
2047 2928 2093 2950 m.
2111 2927 2188 2959 ep.o
2206 2919 2347 2955 Sutrin..
2365 2919 2399 2950 et

797 2971 873 3002 abb.
894 2974 1037 3004 monast.
1056 2981 1082 3004 s.
1098 2974 1273 3006 Laurentii
1291 2974 1375 3006 foris
1391 2983 1507 3007 muros
1521 2975 1636 3012 UrbiS,
1651 2983 1688 3006 ac
1702 2983 1805 3014 praep.
1821 2974 1902 3006 eccl.
1918 2973 2106 3014 Maguntin.
2123 2972 2175 3011 (A.
2194 2974 2243 3010 17,
2258 2971 2282 3002 f.
2297 2973 2357 3003 282
2367 2976 2397 3009 ⁸;

805 3024 835 3056 V.
856 3027 904 3062 73,
923 3034 975 3065 ep.
994 3026 1100 3067 1310.)
