2592 3528
411 438 513 465 Datum
534 429 717 465 Avenione.

457 537 495 565 25
515 539 567 564 oct.
585 535 673 563 1321.

447 583 514 616 (vui
528 579 586 608 kal.
601 580 680 613 nov.)

508 626 539 652 T.
560 624 616 652 XX.

521 697 558 724 Ut
583 704 607 723 ι.

510 740 540 767 Τ.
563 739 618 767 ΧΧ.

527 905 562 933 Ut
576 913 600 933 s.

469 950 499 977 T.
521 949 568 983 xl,
587 947 660 976 XIII.

526 1433 562 1461 Ut
579 1441 604 1461 s.

508 1479 540 1506 Τ.
553 1478 611 1507 XX.

518 1859 555 1887 Ut
575 1868 598 1886 s.

487 1903 518 1930 T.
538 1904 632 1931 XXIV.

521 1968 558 1996 Ut
573 1976 597 1995 s.

507 2012 538 2040 T.
554 2012 613 2039 XII.

514 2127 550 2155 Ut
575 2135 599 2155 s.

449 2392 489 2419 26
505 2396 558 2421 oct.
578 2392 665 2421 1321.

444 2440 498 2471 (vn
518 2436 576 2464 kal.
593 2438 670 2474 nov.)

502 2482 532 2509 T.
554 2482 608 2509 LX.

517 2658 554 2686 Ut
574 2666 597 2686 s.

482 2702 512 2729 T.
527 2702 560 2732 Χ,
575 2702 636 2732 XII.

519 2870 554 2898 Ut
574 2878 598 2899 s.

504 2914 534 2942 Τ.
556 2914 612 2942 ΧΧ.

776 343 949 376 JOANNIS
972 342 1090 374 PAPAE
1111 341 1212 372 XXII.
1236 340 1484 382 (1316-1334).
1508 355 1547 361 -
1569 337 1755 369 LITTERAE
1778 336 2004 368 COMMUNES

847 530 979 563 14634.
995 551 1032 556 -
1047 531 1193 564 Donatio
1208 531 1350 562 duarum
1369 538 1609 570 campanarum
1628 531 1660 560 et
1678 529 1905 569 lignaminum
1920 527 2014 561 chori
2028 528 2167 569 capellae
2182 528 2306 569 quond.
2326 528 2398 560 ord.

800 586 1069 628 TempIariorum
1082 584 1303 619 Avenionen.,
1317 583 1358 614 ad
1374 582 1541 622 hospitale
1558 591 1586 613 s.
1602 582 1746 614 Joannis
1761 582 2031 614 Jerosolimitan.
2048 581 2248 622 spectantis,
2264 581 2400 623 capitulo

799 651 823 672 s.
847 638 987 680 Ayricoli
1004 638 1191 669 Avenionen.
1208 636 1260 676 (A.
1278 639 1326 671 16,
1343 637 1364 666 i'.
1386 637 1442 667 171
1459 635 1490 672 b;
1512 635 1548 667 V.
1567 637 1617 674 73,
1634 643 1686 676 ep.
1705 635 1790 676 183.)

846 691 863 722 1
872 689 981 722 4635.
998 708 1036 713 -
1049 690 1240 722 Declaratio
1254 699 1314 730 per
1325 698 1425 729 quam
1439 689 1518 720 unio
1530 679 1740 720 decimarum
1752 688 1917 721 territorii
1930 688 1971 721 de
1985 687 2174 726 Aucelleto,
2188 687 2399 720 Avenionen.

799 746 857 783 di.,
875 746 915 777 ad
931 744 1043 776 collat.
1059 743 1126 783 ep.i
1145 743 1353 774 Avenionen.
1379 742 1517 782 pertin.‚
1537 741 1572 773 in
1593 750 1656 773 suo
1675 741 1796 774 robore
1810 750 2010 782 permanere
2026 740 2159 779 debeat,
2174 750 2252 773 cum
2268 749 2400 774 revoca-

799 799 889 831 tione
906 799 1042 830 unIonis
1065 805 1180 829 earum
1197 797 1273 827 dem
1296 796 1505 827 decimarum
1525 803 1634 835 nuper
1649 794 1746 826 factae
1761 794 1876 827 favore
1889 803 2017 827 mensae
2035 794 2242 836 episcopalis
2257 794 2401 827 Avenio-

799 853 926 883 nensis.
945 853 998 892 (A.
1018 854 1066 889 16,
1083 852 1106 883 f.
1123 852 1181 883 172
1194 855 1222 887 ·;
1247 849 1279 880 V.
1297 850 1347 886 73,
1364 857 1415 889 ep.
1434 848 1518 889 186.)

844 902 978 935 14636.
997 924 1035 929 -
1058 905 1153 936 Petro
1172 904 1207 934 de
1229 903 1385 943 Versonay
1406 902 1516 942 gratia
1532 910 1628 942 exsp.
1649 900 1761 933 benef.
1779 911 1806 933 c.
1828 910 1856 934 c.
1873 901 1928 934 vel
1944 910 1972 933 s.
1991 910 2020 934 c.
2036 901 2074 934 in
2087 901 2180 934 civit.
2199 901 2255 933 vel
2273 901 2319 933 di.
2335 901 2401 934 Ge-

797 958 954 994 bennen.‚
974 958 1016 989 ad
1031 958 1143 989 collat.
1162 957 1230 996 ep.i
1250 955 1392 996 pertin.;
1415 963 1483 986 non
1503 954 1591 987 obst.
1614 955 1704 996 quod
1726 955 1761 986 in
1783 954 1883 987 Dien.
1905 963 2037 993 canon„
2058 963 2097 987 ac
2113 955 2154 987 de
2169 954 2401 996 Conseugiaco

797 1011 876 1042 eccl.
896 1011 1037 1051 ejusque
1055 1010 1213 1050 parochia
1229 1008 1398 1049 quoddam
1414 1008 1562 1048 simplex
1577 1007 1701 1044 benef„
1717 1008 1807 1048 quod
1821 1007 2063 1049 personagium
2075 1007 2262 1049 vulgariter
2274 1015 2402 1040 nuncu·

796 1065 906 1103 patur,
931 1065 964 1095 et
981 1064 1016 1094 in
1029 1063 1190 1103 parochia
1209 1062 1289 1094 eccl.
1314 1071 1341 1093 s.
1367 1061 1509 1093 Eusehii
1526 1061 1693 1102 quasdam
1715 1061 1877 1098 decimas
1898 1069 2028 1093 necnon
2043 1062 2076 1094 et
2093 1061 2131 1092 in
2146 1061 2227 1093 eccl.
2244 1061 2286 1093 de
2299 1061 2402 1093 Mari·

795 1117 925 1156 gniaco,
940 1116 1133 1148 Gehennen.
1150 1117 1183 1148 et
1195 1116 1295 1148 Dien.
1313 1115 1376 1152 di.,
1390 1115 1574 1156 quamdam
1594 1115 1819 1156 quantitatem
1834 1114 1928 1146 bladi
1946 1114 2014 1155 ipsi
2030 1114 2067 1146 in
2086 1114 2268 1155 personale
2286 1113 2399 1146 benef.

795 1169 1000 1210 assignatas,
1015 1169 1165 1202 obtineat
1173 1179 1183 1207 3
1200 1177 1346 1210 quorum
1362 1168 1500 1209 quidem
1514 1169 1758 1209 perpetuorum
1772 1168 1813 1199 40
1826 1168 2012 1200 secundum
2025 1168 2235 1201 taxationem
2247 1167 2398 1207 decimae,

795 1223 1028 1263 personalium
1047 1231 1127 1255 vero
1150 1222 1260 1255 benef.
1278 1223 1422 1260 fructus,
1441 1221 1629 1254 secundum
1645 1221 1799 1254 eamdem
1813 1221 2024 1254 taxationem
2039 1221 2116 1254 101.
2131 1222 2157 1254 t.
2173 1221 2327 1254 valorem
2341 1229 2401 1254 an-

795 1285 902 1307 nuum
919 1285 985 1308 non
1000 1277 1177 1308 excedunt.
1197 1294 1234 1299 -
1250 1276 1277 1308 I.
1295 1284 1324 1308 e.
1341 1284 1387 1307 m.
1402 1275 1478 1307 abb.
1496 1276 1642 1307 monast.
1661 1275 1936 1313 lutermontium,
1956 1276 1989 1307 et
2009 1275 2117 1316 priori
2133 1274 2174 1307 de
2195 1274 2276 1315 Vyu
2295 1282 2401 1316 propo

796 1329 971 1367 Fabricas‚
986 1329 1181 1362 Gebennen.
1205 1330 1266 1367 di.,
1292 1338 1330 1362 ac
1352 1329 1455 1362 Petro
1478 1329 1664 1366 Bonaediei,
1686 1337 1760 1362 can.
1780 1328 1977 1362 Gebennen.
1994 1328 2075 1361 eccl.
2093 1328 2147 1368 (A.
2168 1329 2218 1368 16,
2241 1327 2265 1360 f.
2283 1328 2343 1360 172
2365 1327 2398 1365 ¹’i

803 1382 837 1413 V.
856 1384 906 1420 73,
925 1392 977 1423 ep.
994 1383 1080 1423 200.)

844 1433 978 1466 14637.
1002 1454 1043 1459 -
1057 1436 1166 1468 Priori
1180 1446 1220 1467 ss.
1236 1436 1443 1474 Geminorum,
1461 1436 1632 1477 Linqonen.
1655 1435 1713 1475 di.,
1734 1441 1762 1467 et
1784 1435 1903 1467 archid.
1927 1434 2059 1472 Elnen„
2079 1445 2115 1467 ac
2131 1435 2225 1467 Petro
2241 1434 2278 1467 de
2300 1433 2403 1466 Verse‘·

798 1499 909 1530 nayco,
925 1500 992 1520 can.
1005 1490 1096 1521 Dien.
1111 1489 1196 1528 eccl„
1211 1490 1324 1522 mand.
1337 1491 1376 1522 ut
1390 1499 1507 1522 canon.
1524 1491 1557 1522 et
1571 1489 1675 1531 proeb.
1692 1489 1772 1522 eccl.
1789 1489 1979 1530 Lingonen.
1995 1497 2056 1530 per
2071 1497 2198 1521 munus
2213 1489 2400 1521 consecrat.

797 1542 839 1574 ab
855 1543 1005 1575 Amedeo
1027 1543 1069 1575 el.
1095 1543 1228 1575 Tullen.
1253 1543 1507 1584 suscipiendum
1526 1543 1562 1575 in
1587 1543 1684 1575 brevi
1707 1544 1887 1575 vacaturos
1908 1542 2083 1575 conferant
2106 1542 2208 1574 Petro
2228 1541 2402 1574 Bonaediei

797 1604 863 1627 non
889 1595 975 1627 obst.
1004 1597 1039 1627 in
1061 1596 1141 1628 eccl.
1167 1596 1361 1629 Gebennen.
1384 1606 1502 1628 canon.
1529 1598 1561 1628 et
1583 1596 1700 1637 praeb.,
1725 1596 1860 1637 paroch.
1885 1596 1967 1628 eccl.
1989 1596 2030 1628 de
2047 1595 2234 1633 Anaxiaco,
2253 1603 2401 1636 quorum

795 1650 836 1681 40
852 1648 911 1680 lib.
927 1649 1121 1681 Gebennen.
1140 1650 1326 1682 secundum
1342 1650 1549 1682 taxationem
1567 1650 1717 1687 decimae,
1730 1658 1860 1682 necnon
1875 1648 2082 1690 quibusdam
2093 1649 2236 1681 decimis
2251 1648 2287 1680 in
2301 1657 2402 1690 paro-

797 1702 871 1733 chia
888 1702 967 1734 eccl.
986 1703 1027 1734 de
1043 1703 1255 1744 Misigniaco,
1274 1703 1468 1735 Gebonnen.
1487 1703 1546 1742 di.,
1566 1703 1601 1734 in
1624 1703 1803 1743 personale
1822 1702 1934 1735 benef.
1954 1702 2023 1734 sibi
2041 1702 2238 1743 assignatis,
2256 1710 2401 1743 quarum

797 1756 950 1787 redditus
966 1757 1006 1787 22
1023 1756 1082 1788 lib.
1102 1757 1209 1796 ejusd.
1227 1758 1370 1788 monetae
1386 1757 1573 1788 secundum
1596 1757 1750 1788 eamdem
1766 1756 1976 1788 taxationem
1998 1756 2150 1788 valorem
2165 1764 2317 1788 annuum
2332 1764 2401 1787 non

797 1809 974 1840 excedunt.
994 1810 1045 1848 (A.
1066 1811 1115 1848 16,
1133 1810 1155 1842 f.
1174 1811 1232 1842 133
1247 1810 1278 1848 ¹²;
1298 1810 1334 1842 V.
1352 1812 1402 1847 73,
1418 1818 1470 1851 ep.
1487 1811 1572 1850 231.)

843 1859 979 1893 14638.
996 1881 1033 1886 —-
1048 1863 1164 1895 Facul.
1180 1863 1310 1894 Amedeo
1330 1863 1369 1895 el.
1387 1863 1503 1895 Tullen.
1525 1872 1685 1895 concessa
1702 1852 1888 1903 recipiendi
1905 1871 2023 1895 omnes
2039 1862 2111 1895 ord.
2130 1871 2168 1894 ac
2183 1871 2309 1894 munus
2323 1870 2399 1895 con·

796 1917 918 1948 socrat.
936 1925 954 1947 a
970 1925 1181 1957 quocumque
1196 1917 1355 1948 maluerit
1372 1917 1536 1948 antistite.
1555 1916 1607 1955 (A.
1623 1918 1673 1955 16,
1690 1916 1713 1947 f.
1735 1918 1792 1948 137
1808 1922 1836 1954 ⁸3
1861 1916 1896 1948 V.
1915 1918 1966 1954 73,
1980 1925 2032 1957 ep.
2051 1917 2137 1956 259.)

842 1966 976 1998 14639.
990 1987 1029 1993 -
1050 1970 1312 2002 Testimoniales
1328 1970 1576 2002 benedictionis
1591 1970 1754 2009 impensae
1769 1969 1911 2002 Arnaldo
1925 1969 1992 2001 abb.
2016 1973 2147 2001 monast.
2167 1967 2399 2002 Brunwilaren.

794 2022 833 2054 O.
862 2023 895 2055 S.
919 2023 971 2060 Β.,
998 2023 1172 2055 Colonien.
1200 2024 1260 2060 di.,
1283 2032 1343 2063 per
1360 2024 1577 2064 Raynaldum
1595 2032 1710 2064 ep.um
1735 2023 1879 2062 Ostien„
1900 2032 1978 2055 cum
1994 2022 2135 2055 licentia
2156 2022 2338 2055 recedendi
2358 2022 2400 2055 de

794 2076 898 2107 curia.
915 2076 967 2114 (A.
984 2078 1033 2114 16,
1049 2076 1072 2107 f.
1089 2078 1147 2108 383
1164 2076 1195 2114 ⁵3
1221 2076 1253 2109 V.
1273 2079 1322 2114 73,
1341 2086 1392 2118 ep.
1411 2078 1487 2114 5625
1504 2077 1705 2115 Sauerland,
1721 2075 1951 2118 (Rheinlande),
1967 2077 1992 2108 t.
2009 2076 2036 2114 1,
2049 2085 2083 2117 p.
2097 2077 2170 2115 280,
2185 2085 2218 2108 11.
2233 2077 2318 2117 1588.)

840 2126 975 2159 14640.
992 2147 1031 2152 —-
1044 2129 1192 2171 Archipr.
1208 2130 1244 2162 S.
1262 2130 1305 2161 M.
1320 2129 1357 2161 de
1375 2130 1531 2171 Οοηβηία,
1546 2129 1688 2162 Per-usin.
1704 2129 1761 2168 di.,
1776 2134 1803 2161 et
1817 2129 1957 2162 Ber-ardo
1969 2129 2006 2161 de
2017 2130 2114 2161 Reate
2127 2139 2162 2161 ac
2176 2129 2311 2162 Andr-en
2325 2128 2400 2160 Ber-

792 2182 929 2220 nardali,
945 2182 1063 2214 Clusin.
1081 2193 1151 2214 can.
1169 2184 1254 2220 eccl„
1272 2184 1386 2215 mand.
1402 2186 1438 2215 ut
1453 2184 1602 2223 recipere
1620 2183 1744 2215 faciant
1760 2184 1932 2216 Andream
1946 2192 2034 2224 mag.
2052 2182 2182 2222 Blanci‚
2201 2183 2281 2215 cler.
2297 2183 2401 2215 Peru·

793 2236 873 2272 sin.‚
890 2236 925 2267 in
942 2245 1014 2268 can.
1030 2238 1175 2268 monast.
1193 2245 1221 2268 s.
1238 2237 1409 2269 Mustiolae
1423 2246 1528 2277 prope
1544 2237 1712 2277 Clusium,
1731 2237 1766 2268 in
1779 2246 1846 2278 quo
1860 2239 1973 2269 certus
1992 2235 2065 2269 can.
2083 2245 2247 2268 numerus
2265 2235 2396 2272 existit,

794 2288 832 2320 O.
848 2289 883 2321 S.
899 2290 954 2326 Α.,
969 2290 1004 2320 in
1021 2289 1094 2321 loco
1106 2299 1165 2330 per
1181 2290 1402 2321 Franciscum
1416 2290 1542 2322 Gratiae
1557 2290 1597 2322 de
1610 2291 1753 2322 Petusio
1769 2291 1811 2322 ad
1825 2290 1984 2322 Perusin.
2001 2290 2095 2328 eccl„
2108 2289 2191 2322 dicti
2206 2289 2293 2328 ord„
2309 2290 2398 2321 auct.

793 2344 900 2382 apost.
918 2343 1122 2374 translatum
1139 2343 1294 2375 dimisso.
1318 2343 1369 2383 (A.
1395 2346 1444 2381 17,
1465 2344 1488 2375 f.
1506 2344 1566 2375 278
1583 2349 1614 2382 ·;
1636 2343 1672 2375 V.
1691 2346 1742 2382 73,
1761 2353 1812 2384 ep.
1831 2345 1934 2383 1330.)

837 2395 848 2406 '
872 2392 1006 2425 14641.
1032 2414 1069 2419 -
1084 2395 1238 2435 AEduen.,
1257 2396 1437 2428 cabilonen.
1458 2406 1494 2427 ac
1514 2396 1637 2428 Olenen.
1657 2397 1737 2438 epn's
1755 2397 1867 2428 mand.
1891 2398 1929 2428 ut
1944 2395 2118 2436 publicent
2134 2395 2399 2436 suspensionem

793 2448 966 2480 interdicti
982 2458 1042 2489 per
1059 2449 1295 2487 Guillelmum,
1311 2450 1520 2490 archiep um
1534 2450 1793 2490 Rothomagen„
1811 2450 1893 2481 olim
1907 2450 2096 2490 Lingonen.
2110 2457 2237 2490 epum,
2251 2449 2288 2480 in
2305 2449 2398 2482 civit.

793 2501 980 2542 Lingonen.
999 2502 1141 2543 ejusque
1157 2503 1237 2534 eccl.
1257 2505 1289 2534 et
1304 2503 1481 2534 suburbiis
1496 2503 1600 2543 positi
1615 2505 1755 2544 propter
1772 2512 1895 2544 graves
1916 2502 2147 2535 dissentiones
2170 2511 2247 2534 cum
2272 2503 2400 2535 decano

793 2556 826 2586 et
842 2555 1014 2587 canonicis
1030 2555 1138 2596 ejusd.
1167 2556 1355 2597 Lingonen.
1382 2557 1441 2594 di.,
1467 2557 1594 2597 aliquis
1611 2558 1724 2588 autem
1743 2565 1786 2588 ex
1808 2556 1860 2588 eis
1883 2555 1964 2588 eccl.
1983 2555 2175 2596 Lingonen.
2202 2555 2349 2588 seminis
2366 2557 2400 2589 et

794 2608 971 2648 sanguinis
990 2609 1154 2641 effusione
1170 2610 1338 2650 pollutam
1354 2610 1561 2642 reconciliet.
1583 2609 1635 2649 (A.
1661 2612 1711 2647 16,
1729 2610 1751 2641 f.
1772 2610 1831 2642 104
1844 2614 1880 2646 ⁸;
1906 2608 1939 2640 V.
1957 2610 2008 2648 73,
2027 2617 2080 2649 ep.
2099 2608 2168 2650 86.)

840 2658 973 2692 14642.
993 2680 1030 2685 —-
1045 2663 1164 2695 Gratia
1174 2672 1270 2703 exsp.
1290 2663 1345 2695 off.
1361 2663 1523 2695 custodiae
1533 2663 1613 2695 eccl.
1629 2663 1828 2695 Laudunen.
1841 2662 1940 2695 laicis
1957 2662 2126 2703 assignari
2143 2662 2308 2704 consueti,
2321 2670 2398 2695 con·

794 2714 859 2745 sid.
875 2715 987 2747 Caroli
1003 2716 1094 2756 regis
1110 2716 1306 2757 Hungariae‚
1322 2716 1439 2748 Joanm'
1455 2716 1626 2758 Gillequini
1641 2716 1677 2748 de
1692 2716 1806 2754 Remis,
1823 2716 1923 2749 laico.
1939 2734 1978 2739 —
1995 2716 2023 2748 1.
2040 2725 2070 2748 e.
2089 2725 2136 2748 m.
2155 2715 2231 2747 abb.
2249 2717 2397 2748 monast.

794 2776 822 2799 S.
842 2768 990 2809 Remigii
1007 2769 1162 2807 Remen„
1179 2771 1211 2802 et
1233 2770 1412 2810 Raynaldo
1429 2771 1469 2801 de
1483 2770 1567 2801 filiis
1581 2770 1674 2807 Ursi,
1692 2770 1843 2803 thesaur.
1860 2770 2030 2808 Toletum„
2045 2778 2083 2802 ac
2097 2770 2222 2802 Joanni
2235 2770 2276 2801 de
2293 2768 2397 2807 Urbe,

794 2829 866 2852 can.
882 2822 1078 2854 Laudunen.
1097 2823 1178 2854 eccl.
1197 2823 1249 2862 (Α.
1267 2824 1317 2861 16,
1337 2823 1359 2854 t'.
1379 2824 1436 2855 109
1453 2823 1487 2862 ὓ,
1512 2823 1545 2855 V.
1563 2825 1613 2861 73,
1630 2832 1683 2864 ep.
1702 2825 1786 2863 114.)

841 2871 974 2904 14643.
994 2894 1031 2899 -
1048 2875 1208 2916 Dispens.
1227 2885 1329 2916 super
1338 2876 1397 2908 111⁰
1410 2877 1744 2917 consanguin.et1V⁰
1762 2877 1853 2909 affin.
1872 2876 2035 2918 gradibus
2053 2876 2089 2908 in
2100 2876 2250 2909 matrim.
2269 2877 2400 2908 contra·

795 2925 904 2958 hendo
923 2927 1010 2959 inter
1028 2939 1060 2958 n.
1085 2938 1112 2959 v.
1142 2928 1260 2960 Lellum
1284 2934 1388 2960 natum
1410 2929 1570 2961 Francisci
1592 2929 1784 2972 Napoleonis
1808 2929 2026 2968 Malabrancae,
2051 2929 2232 2961 cancellarii
2250 2929 2351 2968 Urbis,
2367 2934 2398 2961 et

795 2978 1008 3020 Maryaricam,
1039 2987 1142 3013 mnam
1166 2982 1279 3023 quand.
1305 2983 1393 3014 Petri
1416 2983 1628 3025 Franqipanis
1651 2983 1689 3015 de
1716 2983 1805 3021 Urbe,
1830 2984 1961 3016 consid.
1983 2982 2126 3016 Roberti
2147 2983 2238 3024 regis
2259 2983 2397 3016 Siciliae.

795 3032 846 3072 (A.
866 3034 914 3068 16,
934 3034 956 3064 f.
975 3036 1015 3066 62
1032 3034 1064 3071 ¹³3
1088 3035 1124 3066 V.
1142 3037 1191 3073 73,
1209 3044 1261 3076 ep.
1282 3036 1364 3076 124.)
