2592 3528
354 319 414 350 308

386 408 490 436 Datum
511 405 695 439 Avenione.

425 510 466 537 26
479 510 545 544 jun.
566 511 654 539 1323.

441 557 484 591 (VI
500 555 558 583 kal.
574 555 640 591 jul.)

482 600 512 627 T.
534 600 592 627 Xll.

501 670 536 698 Ut
553 679 576 698 s.

483 715 514 742 T.
536 715 592 742 XX.

493 830 530 858 Ut
549 839 574 858 s.
594 831 602 850 ¹

485 875 516 902 T.
533 875 591 902 XII.

500 938 535 965 Ut
548 946 572 964 s.

445 982 476 1009 T.
493 981 540 1014 XI,
553 982 626 1008 xnl.
653 994 669 1005 z

491 1256 528 1283 Ut
549 1264 572 1283 s.

442 1301 472 1328 T.
490 1301 535 1334 XI,
552 1301 623 1327 xm.

417 1363 457 1391 27
470 1363 538 1397 jun.
557 1364 646 1391 1323.

441 1408 471 1444 (v
484 1408 543 1435 kal.
555 1408 623 1444 jul.)

411 1452 441 1478 T.
458 1452 541 1485 xxu,
562 1452 655 1478 XXlV.

416 2056 456 2083 29
467 2055 533 2090 jun.
554 2057 642 2084 1323.

429 2105 476 2134 (111
491 2101 549 2128 kal.
565 2100 632 2136 jul.)

429 2145 460 2172 T.
478 2145 537 2179 XII,
556 2146 624 2172 XIV.

488 2270 524 2298 Ut
544 2279 567 2298 s.

476 2315 507 2341 'l.
525 2315 581 2341 XX.

489 2535 525 2563 Ut
540 2544 564 2563 s.

427 2579 457 2606 T.
478 2580 550 2614 xm,
571 2581 627 2607 xv.

753 319 926 351 JOANNIS
950 321 1068 353 PAPAE
1090 322 1192 354 XXll.
1216 325 1467 366 (1316-1834).
1489 344 1528 350 -—
1550 327 1736 360 LITTERAE
1759 329 1985 362 COMMUNES

831 511 968 544 17744.
980 532 1019 537 -
1033 515 1140 546 Blasio
1155 516 1261 546 abbati
1274 521 1404 549 monast.
1423 518 1611 555 Maniacen„
1631 518 1665 550 O.
1685 519 1718 550 S.
1737 519 1786 555 B„
1803 520 1974 551 Messanen.
1991 520 2050 558 di„
2065 522 2315 554 testimoniales
2330 523 2385 555 be-

785 567 988 598 nedictionis
1013 568 1080 608 ipsi
1096 577 1115 600 a
1136 569 1324 601 Bertrando
1349 579 1424 610 ep.o
1440 571 1634 604 Tusculano
1656 572 1831 612 impensae,
1849 575 1882 605 et
1896 573 2035 606 licentia
2049 575 2228 607 recedendi
2245 584 2262 607 e
2278 576 2384 608 curia.

785 619 836 659 (A.
851 622 902 657 19,
920 621 942 652 f.
957 622 996 652 82
1015 620 1043 658 ¹³3
1066 621 1101 653 V.
1121 623 1170 659 75,
1187 631 1240 662 ep.
1258 624 1362 661 1130.)

830 670 965 702 17745.
981 692 1021 697 -
1039 675 1130 706 Petro
1146 675 1331 714 Brancacio,
1349 686 1414 707 can.
1431 677 1647 718 Neapolitan„
1663 678 1759 719 Papae
1774 689 1857 721 cap„
1869 679 2064 721 indulgetur
2077 682 2114 713 ut
2129 681 2303 714 confessor
2316 682 2384 722 ipsi

784 726 819 757 in
839 727 961 758 mortis
986 728 1129 759 articulo
1154 729 1306 760 omnium
1325 725 1540 769 peccatorum
1560 739 1699 763 suorum
1716 732 1854 772 plenam
1875 733 2116 765 remissionem
2129 735 2312 767 concedere
2329 743 2384 767 va·

783 779 862 811 leat.
882 780 934 819 (A.
955 782 1004 817 19,
1026 781 1048 811 f.
1065 783 1124 813 257
1140 781 1168 818 b;
1190 782 1226 812 V.
1245 783 1294 819 75,
1313 791 1365 822 ep.
1384 784 1488 822 1217.)

830 830 965 862 177116.
981 851 1019 856 --
1037 834 1076 864 Ν.
1096 845 1123 865 υ.
1138 834 1266 875 Huyoni
1281 835 1412 876 Dafflni,
1430 836 1503 867 davo
1517 837 1712 874 Fucinniaci,
1728 837 1901 868 Gebennen.
1917 838 1973 876 di„
1989 839 2157 871 indultum
2174 839 2321 872 habendi
2337 841 2384 873 al-

781 886 853 916 tare
871 887 1041 925 portatile.
1057 887 1110 927 (A.
1131 889 1180 924 19,
1197 888 1220 918 f.
1238 889 1298 918 387
1310 893 1338 924 ³3
1365 888 1398 919 V.
1417 891 1467 926 75,
1484 898 1538 928 ep.
1557 891 1662 929 1426.)

828 936 961 968 17747.
982 957 1020 961 ——
1039 940 1200 971 Guillelmo
1216 941 1253 971 de
1279 941 1376 972 Cruce
1397 942 1505 981 gratia
1528 951 1623 982 exsp.
1643 943 1754 975 benef.
1771 953 1799 975 0.
1818 953 1846 975 0.
1865 945 1920 976 vel
1936 954 1964 975 s.
1981 954 2024 981 0.,
2040 946 2176 978 etiamsi
2198 946 2303 987 dign„
2327 948 2386 979 aut

782 992 836 1022 off.
861 992 914 1023 vel
935 994 1137 1031 personatus
1154 994 1292 1031 existat,
1313 994 1348 1025 in
1369 995 1461 1026 civit.
1484 995 1538 1026 vel
1555 996 1601 1027 di.
1622 996 1830 1034 Gebennen„
1850 999 1883 1029 et
1904 998 1947 1029 ad
1963 998 2032 1038 ep.i
2053 998 2249 1031 Gebennen.
2269 1000 2384 1032 collat.

781 1045 920 1083 pertin.;
937 1054 1004 1076 non
1027 1046 1114 1077 obst.
1133 1047 1167 1077 in
1191 1046 1388 1079 Gebennen.
1406 1051 1438 1079 et
1454 1049 1492 1080 B.
1510 1049 1554 1079 M.
1577 1049 1618 1080 de
1635 1050 1724 1081 Salis
1749 1050 1935 1082 Bituricen.
1959 1060 2035 1083 cum
2060 1052 2266 1092 praebendis,
2284 1062 2322 1084 ac
2348 1053 2385 1084 in

781 1107 808 1128 s.
829 1098 969 1129 Taurini
997 1099 1037 1130 de
1063 1100 1211 1131 Feritate
1229 1100 1401 1132 Vinbaudi
1425 1101 1489 1132 sub
1515 1111 1610 1142 exsp.
1640 1103 1743 1142 praeb.
1769 1104 2036 1136 canonicatibus.
2053 1122 2092 1129 -
2107 1106 2135 1137 Ι.
2155 1115 2183 1138 0.
2202 1115 2248 1138 m.
2268 1106 2385 1138 abbati

781 1153 926 1182 monast.
944 1152 985 1183 de
1000 1152 1068 1190 Siz,
1086 1154 1119 1184 et
1135 1153 1175 1184 de
1191 1154 1342 1193 Magem,
1357 1154 1552 1187 Gebennen.
1572 1156 1631 1193 di„
1649 1165 1687 1188 ac
1702 1157 1815 1188 saecul.
1827 1158 1908 1189 eccl.
1925 1158 1967 1189 de
1984 1158 2075 1191 Salis
2090 1159 2276 1191 Bituricen.
2292 1160 2384 1200 prio-

780 1204 888 1235 ribus.
907 1206 958 1243 (A.
979 1207 1027 1243 19,
1044 1206 1066 1236 f.
1084 1207 1143 1237 388
1159 1206 1188 1243 Ι),
1210 1207 1245 1238 V.
1266 1209 1316 1244 75,
1336 1216 1388 1247 ep.
1406 1210 1512 1247 1435.)

827 1256 962 1287 17748.
979 1277 1016 1282 -—
1036 1259 1210 1297 Aimoneto,
1224 1265 1297 1291 nato
1313 1271 1342 1291 η.
1363 1271 1391 1292 υ.
1410 1261 1557 1302 Guiqonis
1570 1262 1607 1293 de
1623 1262 1732 1303 Cruce,
1748 1272 1841 1303 prov.
1854 1273 1973 1296 canon.
1987 1265 2051 1296 sub
2059 1274 2162 1306 exsp.
2177 1265 2282 1306 praeb.
2297 1266 2382 1298 0001.

779 1311 1025 1343 Gebennensis.
1043 1329 1083 1335 —-
1098 1313 1124 1344 1.
1143 1322 1172 1344 e.
1193 1322 1237 1344 m.
1257 1315 1293 1345 ut
1316 1323 1343 1345 s.
1361 1314 1413 1352 (A.
1433 1316 1482 1351 19,
1499 1315 1522 1347 f.
1539 1316 1599 1347 389
1616 1321 1644 1352 ²3
1667 1316 1703 1348 V.
1721 1319 1771 1355 75,
1791 1325 1844 1357 ep.
1860 1319 1965 1356 1436.)

826 1362 962 1395 17749.
982 1385 1019 1389 —
1041 1366 1172 1397 Geraldo
1195 1366 1231 1397 de
1261 1368 1493 1404 Hoccabertino,
1511 1379 1578 1400 can.
1606 1369 1678 1400 eccl.
1699 1369 1917 1414 Terraconen„
1943 1371 1976 1402 O.
2001 1371 2035 1403 S.
2056 1371 2109 1408 Α.,
2135 1372 2224 1403 conf.
2251 1373 2381 1405 consid.

778 1418 895 1449 Jacobi
916 1420 1006 1459 regis
1022 1420 1217 1460 Aragonum
1241 1422 1466 1460 praepositura
1482 1422 1590 1462 ejusd.
1607 1423 1688 1454 eccl.
1711 1433 1796 1463 quae,
1819 1433 1895 1455 cum
1915 1426 2052 1456 vacaret
2067 1425 2158 1466 apud
2177 1426 2210 1457 S.
2230 1426 2270 1458 A.
2284 1425 2384 1466 juxta

778 1472 912 1503 constit.
932 1481 1034 1512 super
1048 1473 1172 1512 plural.
1188 1473 1314 1511 benef„
1331 1475 1525 1507 Raimnndo
1541 1476 1582 1507 de
1599 1477 1781 1515 Avinione‚
1797 1477 1906 1517 eJusd.
1922 1477 2003 1509 0001.
2026 1486 2114 1515 can„
2130 1486 2192 1518 per
2207 1478 2246 1509 P.
2261 1478 2298 1510 P.
2315 1479 2383 1511 col·

779 1524 846 1555 lata
862 1525 942 1562 fuit3
960 1535 1077 1557 verum
1092 1527 1279 1558 Gaufridus
1297 1528 1337 1559 de
1350 1528 1528 1566 Crudiliis,
1548 1529 1653 1561 abbas
1675 1533 1821 1561 monast.
1842 1532 1986 1568 Fuxen.,
2004 1531 2085 1563 dicti
2098 1532 2184 1570 ord.‚
2200 1532 2382 1572 Appamia-

778 1587 853 1609 rum
876 1579 934 1614 di.,
955 1579 996 1610 ad
1019 1588 1055 1611 se
1078 1580 1202 1611 dictam
1227 1581 1487 1620 praeposituram
1512 1591 1670 1614 asserens
1696 1584 1867 1623 pertinere
1897 1585 1929 1615 et
1955 1584 2052 1615 illam
2069 1593 2130 1624 per
2155 1585 2291 1617 constit.
2314 1593 2382 1617 non

777 1640 896 1663 vacare
918 1633 1126 1671 praedictam,
1149 1633 1190 1664 ab
1215 1634 1411 1673 hujusmodi
1433 1635 1613 1667 collatione
1641 1636 1683 1667 ad
1701 1637 1733 1668 S.
1754 1638 1795 1668 A.
1812 1637 2009 1678 appellavit.
2027 1638 2112 1669 Cum
2137 1639 2251 1669 autem
2269 1638 2380 1670 dictus

778 1685 992 1716 Raimundus
1011 1686 1046 1716 in
1064 1686 1219 1717 abbatem
1235 1689 1380 1719 monast.
1397 1688 1723 1729 Montisaragonum,
1742 1690 1874 1729 praefati
1890 1690 1976 1728 ord.‚
1994 1690 2116 1722 Oscen.
2130 1691 2190 1728 di„
2207 1700 2268 1731 per
2283 1691 2320 1722 P.
2337 1691 2377 1723 P.

776 1738 915 1769 interim
946 1741 1122 1778 promotus
1152 1739 1274 1771 fuisset
1307 1742 1340 1771 et
1362 1741 1397 1771 in
1421 1750 1524 1772 causa
1554 1742 1795 1781 appellationis
1827 1742 1994 1782 praedictae
2028 1743 2071 1774 ad
2099 1744 2256 1776 diversos
2285 1746 2381 1776 actus

776 1800 973 1830 processum
992 1792 1175 1827 extitisset,
1198 1793 1360 1832 praefatus
1375 1794 1561 1825 Gaufridus
1577 1795 1667 1834 apud
1682 1796 1797 1826 sedem
1811 1796 1921 1827 eamd.
1940 1796 2038 1834 obiit,
2055 1799 2087 1828 et
2103 1797 2180 1828 ideo
2195 1797 2285 1829 dicta
2299 1806 2382 1837 prae-

776 1845 929 1883 positura
959 1845 1048 1884 apud
1063 1845 1188 1876 dictam
1207 1846 1322 1877 sedem
1340 1855 1460 1878 vacare
1482 1849 1639 1878 censetur
1646 1858 1655 1885 3
1676 1850 1866 1888 sequuntur
1884 1848 2047 1889 obligatio
2065 1849 2260 1881 dimittendi
2279 1850 2380 1882 deoa-

775 1899 892 1928 natum
916 1898 1064 1937 praefatae
1089 1899 1168 1929 0001.
1188 1900 1221 1930 01
1247 1899 1458 1938 dispensatio
1475 1909 1577 1941 super
1601 1901 1735 1932 defectu
1759 1902 1869 1933 aetatis
1885 1903 1936 1940 (20
1951 1903 2019 1941 an.)
2038 1920 2077 1925 —-
2094 1903 2121 1933 Ι.
2140 1911 2168 1934 e.
2189 1911 2236 1934 m.
2249 1903 2380 1935 Gerun-

775 1950 850 1981 den.
882 1952 914 1981 et
944 1951 1188 1982 Barchinonen.
1221 1952 1319 1991 ep.is,
1340 1961 1377 1983 ac
1404 1961 1509 1993 praep.
1540 1954 1620 1984 0001.
1649 1954 1917 1986 Ebredunensis.
1949 1955 2002 1996 (A.
2022 1957 2072 1992 19,
2097 1951 2121 1986 f.
2137 1957 2198 1987 275
2212 1961 2242 1993 ¹3
2266 1955 2301 1987 V.
2327 1958 2379 1995 75,

774 2012 827 2043 ep.
845 2005 949 2042 1287.)

821 2055 957 2086 17750.
973 2076 1010 2081 —
1030 2057 1202 2088 Raimzmdo
1221 2057 1257 2088 de
1273 2058 1382 2094 Porta,
1402 2069 1472 2089 can.
1491 2059 1564 2091 eccl.
1583 2070 1611 2102 ιε.
1630 2061 1770 2091 Severini
1782 2061 2005 2102 Burdeqalen„
2023 2061 2094 2092 cler.
2121 2061 2247 2103 capellae
2268 2062 2378 2104 Papa,

774 2110 895 2141 indult.
916 2111 1125 2150 percipiendi
1151 2111 1282 2143 fructus
1300 2121 1418 2143 canon.
1441 2114 1473 2144 et
1498 2113 1600 2153 prael).
1620 2114 1717 2145 dictae
1737 2115 1834 2152 eccl„
1849 2115 1949 2154 Papae
1974 2117 2006 2146 et
2023 2115 2057 2147 S.
2075 2116 2117 2147 A.
2133 2115 2310 2156 obsequiis
2326 2116 2378 2148 in-

774 2157 937 2194 sistendo.
956 2182 994 2186 —
1009 2165 1034 2195 1.
1053 2173 1082 2195 e.
1099 2173 1143 2195 m.
1163 2164 1239 2196 abb.
1261 2166 1407 2196 monast.
1431 2174 1459 2196 s.
1476 2166 1606 2202 Crucis,
1624 2176 1662 2198 ac
1678 2167 1847 2199 Galhardo
1871 2168 1912 2199 de
1934 2169 2058 2208 Burgo,
2082 2168 2322 2209 Burdogalen„
2339 2177 2378 2201 30

774 2217 925 2248 Oliverio
940 2218 981 2248 de
999 2218 1150 2255 Cerzeto,
1168 2218 1312 2250 AEduen.
1332 2227 1404 2250 can.
1425 2219 1504 2250 eccl.
1521 2220 1574 2258 (A.
1595 2222 1644 2255 19,
1663 2220 1684 2250 f.
1700 2222 1759 2252 255
1777 2220 1807 2257 k·;
1831 2220 1863 2252 V.
1880 2222 1931 2256 75,
1947 2229 2000 2261 ep.
2015 2223 2120 2260 1210.)
2179 2216 2181 2219 ’

820 2268 954 2300 17751.
971 2288 1008 2293 -
1022 2271 1110 2311 Epo
1126 2271 1329 2307 Cavallicen.,
1343 2277 1372 2302 et
1391 2272 1495 2312 priori
1513 2272 1670 2303 saeeularis
1693 2273 1882 2310 Villaecrow,
1901 2274 2096 2314 Forojulien.
2115 2274 2172 2312 di„
2191 2285 2226 2305 ac
2241 2285 2376 2315 praeeen·

774 2324 834 2353 tori
858 2324 1088 2354 Barchinonen.
1104 2324 1176 2356 eccl.
1198 2326 1311 2356 mand.
1327 2328 1364 2356 ut
1381 2326 1575 2366 Marquerio
1590 2326 1780 2364 Guillelmi,
1796 2336 1887 2358 mon.
1907 2329 2053 2359 monast.
2072 2337 2100 2359 s.
2121 2327 2271 2360 Victoris
2285 2329 2376 2360 Mas·

772 2377 898 2413 silien.,
918 2378 957 2409 Ο.
979 2378 1013 2408 S.
1030 2378 1081 2414 Β.,
1098 2378 1273 2409 conferant
1289 2379 1478 2418 prioratum
1501 2388 1529 2410 s.
1546 2379 1752 2418 sebastiani,
1770 2380 1852 2411 dicti
1867 2381 1952 2418 ord.‚
1971 2381 2216 2412 Barchinonen.
2232 2381 2292 2417 di..
2307 2381 2374 2414 eid.

771 2432 916 2461 monast.
930 2431 1125 2462 immediate
1142 2431 1343 2471 subjectum,
1359 2441 1430 2463 vac.
1447 2441 1509 2472 per
1522 2432 1653 2464 obitum
1663 2433 1879 2473 Raymbaudi
1891 2434 1931 2465 de
1944 2434 2128 2465 Anseduna
2141 2435 2174 2466 et
2189 2443 2250 2474 per
2264 2434 2377 2475 ipsius

772 2485 916 2515 monast.
931 2493 1021 2515 mon.
1042 2484 1181 2516 solitum
1195 2484 1273 2524 gub.
1291 2485 1345 2525 (A.
1362 2487 1412 2522 19,
1432 2486 1456 2516 f.
1473 2487 1533 2517 259
1549 2491 1562 2507 ³
1578 2487 1612 2517 et
1625 2487 1685 2517 272
1702 2492 1730 2524 ²5
1754 2486 1792 2517 V.
1806 2488 1856 2525 75,
1876 2495 1929 2527 ep.
1948 2489 2027 2518 1224
2043 2489 2076 2518 01
2095 2488 2200 2526 1281.)

819 2534 950 2566 17752.
978 2556 1006 2561 -
1024 2537 1185 2568 Guillelmo
1206 2538 1243 2568 de
1260 2538 1404 2568 Pusterla
1419 2539 1554 2570 collatio
1567 2548 1685 2571 canon.
1702 2533 1736 2571 et
1750 2539 1854 2579 praeb.
1873 2540 1953 2571 eccl.
1967 2540 2208 2578 Mediolanen.,
2225 2549 2297 2573 vac.
2315 2549 2376 2582 per

770 2590 994 2629 privationem
1011 2590 1146 2622 Mathaei
1161 2591 1202 2622 de
1220 2591 1487 2623 vicecomitibus
1505 2592 1545 2623 de
1565 2592 1777 2629 Mediolan03
1798 2601 1866 2624 non
1882 2592 1968 2624 obst.
1987 2593 2077 2632 quod
2094 2594 2135 2625 de
2149 2593 2375 2626 cimiliarchia

770 2644 878 2682 eJusd.
904 2644 985 2675 eccl.
1010 2643 1078 2683 ipsi
1105 2644 1149 2674 sit
1176 2646 1284 2683 apost.
1313 2646 1400 2676 auct.
1423 2645 1612 2684 prov1sum,
1642 2646 1700 2676 aut
1723 2646 1813 2685 quod
1841 2646 2063 2682 Bertrandus,
2088 2646 2139 2677 tit.
2163 2655 2191 2678 s.
2220 2647 2374 2679 Marcelli

770 2697 882 2735 presb.
899 2697 1002 2731 card,
1021 2697 1056 2727 in
1073 2697 1227 2736 partibus
1242 2697 1314 2728 illis
1336 2699 1375 2729 A.
1394 2698 1428 2729 S.
1446 2698 1591 2738 legatus,
1608 2698 1844 2729 canonicatum
1858 2701 1891 2730 et
1906 2699 2008 2739 praeb.
2027 2699 2108 2731 eccl.
2127 2708 2155 2730 s.
2171 2700 2315 2731 Joannis
2329 2700 2373 2732 de

771 2750 950 2786 Modoetia,
965 2750 1189 2781 Mediolanen.
1206 2750 1265 2787 di„
1284 2752 1362 2782 tunc
1375 2751 1541 2787 vacantia,
1561 2751 1628 2790 ipsi
1646 2753 1734 2782 auct.
1753 2751 1935 2791 legationis
1948 2761 2018 2783 suae
2034 2754 2194 2784 noscatur
2204 2762 2372 2785 commen-

769 2804 879 2840 dasse,
900 2804 932 2834 et
948 2803 983 2833 in
999 2803 1079 2834 eccl.
1097 2812 1123 2833 s.
1141 2803 1283 2834 Joannis
1299 2804 1339 2834 de
1355 2803 1604 2843 Castroseprio,
1618 2804 1716 2836 dictae
1733 2805 1792 2842 di„
1809 2813 1927 2836 canon.
1947 2807 1980 2837 et
1992 2805 2095 2845 praeb.
2114 2805 2282 2844 obtineat3
2303 2814 2373 2838 cas-

768 2858 886 2887 santur
902 2856 977 2887 aliae
995 2856 1116 2887 litterae
1140 2857 1247 2895 apost.
1266 2856 1307 2887 de
1333 2857 1527 2896 provisione
1545 2866 1663 2888 canon.
1684 2857 1748 2888 sub
1774 2866 1870 2898 exsp.
1895 2858 1999 2899 praeb.
2020 2859 2117 2890 dictae
2142 2859 2370 2891 Mediolanen.

768 2909 848 2940 0001.
864 2926 904 2932 --
919 2909 945 2940 Ι.
963 2918 992 2940 e.
1010 2917 1055 2940 m.
1077 2918 1105 2939 s.
1122 2909 1335 2949 Simpliciani
1349 2911 1382 2940 et
1398 2918 1426 2940 s.
1443 2909 1616 2942 Vincentii
1634 2910 1670 2942 in
1686 2911 1788 2942 Prato
1802 2911 1901 2951 ,iuxta
1919 2920 2037 2943 muros
2053 2911 2279 2944 Mediolanen.
2295 2921 2369 2944 mo-

800 3024 824 3047 1.
844 3023 912 3054 Reg.
932 3023 997 3048 Vat.
1015 3031 1046 3047 =
1062 3030 1092 3047 vr
1107 3022 1247 3047 kalendas
1263 3023 1391 3054 augusti.
