2592 3528
333 336 392 367 336

363 423 468 450 Datum
486 416 672 451 Avenione.

369 633 382 658 1
398 629 482 666 (kal.)
495 632 565 665 sept.
582 628 670 656 4323.

454 674 486 701 T.
507 673 577 701 XIV.

478 788 515 817 Ut
533 796 559 817 s.

446 834 477 861 T.
498 832 581 860 XXX.

474 949 509 976 Ut
534 957 558 975 s.

447 994 478 1021 T.
498 993 580 1020 XXX.

475 1322 511 1349 Ut
527 1330 550 1349 s.

422 1367 453 1394 T.
470 1367 516 1400 XI,
531 1366 603 1394 XIII.

471 1643 508 1671 Ut
524 1651 548 1670 s.

420 1688 450 1716 T.
467 1688 513 1722 XI,
527 1687 599 1715 XIII.

470 1857 506 1884 Ut
526 1865 549 1884 s.

419 1902 450 1929 Τ.
467 1901 514 1936 XI,
530 1900 600 1928 XIII.

473 2070 508 2098 Ut
526 2078 550 2097 s.

470 2390 507 2417 Ut
523 2398 548 2416 s.

454 2434 484 2461 T.
505 2433 561 2461 Lx.

470 2708 508 2736 Ut
524 2716 548 2735 s.

417 2753 447 2781 Τ.
466 2753 512 2787 xl,
532 2752 604 2780 XIII.

468 2975 505 3002 Ut
524 2983 548 3002 s.

411 3019 442 3047 T.
463 3020 510 3054 XI,
526 3019 598 3047 XIII.

732 331 906 363 JOANNIS
929 331 1048 363 PAPAE
1069 331 1172 364 XXII.
1195 333 1444 374 (1816-1884).
1468 350 1507 357 -—
1529 333 1716 365 LITTERAE
1739 333 1965 366 COMMUNES

762 520 805 551 ad
824 520 1023 557 triennium,
1042 530 1145 553 causa
1169 522 1287 560 studii,
1307 523 1385 555 licet
1407 523 1442 555 in
1461 532 1500 555 ea
1523 532 1589 555 non
1610 523 1768 556 resideat.
1788 542 1826 547 -
1851 524 1878 555 Ι.
1905 533 1934 556 0.
1956 533 2001 556 111.
2025 525 2187 557 Paduano
2209 525 2242 557 et
2260 526 2364 558 Aure·

761 573 887 605 lianen.
907 575 1006 614 epis,
1024 584 1062 606 ac
1078 576 1205 607 cantori
1223 576 1303 607 eccl.
1321 576 1594 608 Aurelianensis.
1611 577 1665 618 (A.
1685 579 1734 615 19,
1749 577 1772 608 f.
1790 578 1850 609 336
1864 582 1895 614 ⁸3
1918 577 1955 609 V.
1974 579 2026 615 75.
2044 586 2097 618 ep.
2119 578 2227 619 1420.)

809 623 945 656 18036.
963 645 1002 651 -
1013 628 1129 658 loanni
1145 633 1219 659 nato
1236 639 1267 659 n.
1287 639 1315 661 v.
1335 629 1444 661 Jacobi
1459 629 1535 660 dicti
1549 629 1685 661 Sciarrae
1699 629 1736 661 de
1753 629 1938 672 Columpna,
1955 630 2071 662 scolari
2092 631 2240 671 Romano,
2258 632 2300 663 de
2317 640 2367 664 so-

762 679 833 712 luto
850 682 882 712 et
897 681 1073 722 conjugata
1090 682 1216 722 genito,
1233 682 1421 722 dispensat.
1438 684 1486 719 ut,
1503 683 1669 714 natalium
1685 692 1751 714 non
1769 683 1856 714 obst.
1874 684 2018 722 defectu,
2037 692 2156 716 omnes
2174 685 2245 716 ord.
2266 686 2300 717 et
2315 693 2367 717 ec-

762 733 955 765 clesiastica
970 734 1082 766 benef.
1103 735 1255 775 recipere
1273 736 1396 767 valeat.
1415 735 1467 776 (A.
1492 737 1542 773 19,
1559 736 1582 766 f.
1601 737 1660 767 337
1677 742 1706 772 Ιι;
1728 736 1765 767 V.
1783 738 1835 774 75,
1851 745 1904 776 ep.
1923 737 2030 777 1430.)
2138 732 2141 735 ’

809 784 946 817 18037.
960 794 1004 810 ·-
1019 788 1144 825 Ioanni,
1164 798 1234 829 ep.o
1259 788 1476 826 Winctonz'en„
1494 788 1633 820 licentia
1647 789 1868 820 contrahendi
1883 791 2040 821 mutuum
2054 791 2136 822 2000
2152 790 2212 821 lib.
2231 790 2364 823 sterlin-

762 848 881 879 gorum
899 842 969 872 tam
986 849 1048 880 pro
1069 841 1143 872 suis
1165 842 1326 880 expensis
1344 841 1549 873 necessariis
1569 850 1670 882 quam
1686 842 1766 873 eccl.
1791 851 1861 874 suae
1883 843 2030 883 negotiis
2049 843 2139 884 apud
2155 844 2189 875 S.
2207 843 2249 876 A.
2267 852 2366 884 expe·

762 893 907 923 diendis.
926 893 978 932 (A.
998 895 1046 928 19,
1060 894 1082 924 f.
1099 895 1156 925 391
1172 899 1203 931 ⁸3
1227 894 1263 925 V.
1285 896 1336 932 75,
1357 903 1409 933 ep.
1426 895 1532 934 1441.)

809 942 942 976 18038.
964 964 1003 969 -
1019 946 1152 977 Hem-ico
1167 956 1237 987 ep.0
1253 947 1466 978 Lincolniensi
1484 948 1597 979 mand.
1619 949 1655 979 ut
1677 948 1828 989 inquirat
1842 950 1875 981 et
1890 949 2019 990 Papam
2046 949 2208 982 informet
2223 950 2265 982 de
2285 958 2366 990 qua-

760 999 838 1030 dam
853 1000 1016 1039 petitione
1028 1000 1168 1040 Rogerii
1184 1000 1294 1038 Beler,
1312 1000 1383 1032 mil.
1404 1009 1473 1032 suae
1489 1001 1550 1038 di.,
1567 1001 1626 1042 qui
1641 1010 1717 1033 cum
1733 1002 1816 1033 olim
1829 1003 2012 1042 quamdam
2028 1003 2195 1043 capellam
2210 1003 2245 1034 in
2262 1003 2368 1036 hono-

760 1061 830 1083 rem
848 1052 880 1084 b.
899 1053 993 1084 Petri
1010 1054 1156 1093 apostoli
1173 1053 1209 1084 in
1226 1054 1310 1085 villa
1325 1054 1366 1086 de
1381 1054 1543 1095 Karkeby
1560 1063 1662 1095 super
1677 1055 1821 1091 Wrecli,
1838 1056 1936 1087 dictae
1949 1056 2010 1094 di.,
2034 1056 2212 1088 fundasset
2229 1065 2246 1088 e
2266 1056 2367 1089 bonis

759 1106 908 1146 propriis
925 1108 957 1138 et
971 1107 1133 1146 dotasset,
1149 1108 1328 1144 rectorem,
1347 1116 1448 1147 quem
1473 1108 1674 1148 gardianum
1693 1108 1863 1140 nominari
1885 1109 2006 1147 voluit,
2030 1111 2063 1141 et
2083 1119 2132 1141 xn
2159 1109 2366 1150 capellanos,

760 1158 845 1190 inibi
861 1160 1042 1200 collegium
1059 1161 1231 1199 facienteS,
1258 1161 1470 1193 constituens
1492 1161 1528 1192 in
1551 1162 1681 1199 eadem,
1699 1162 1823 1202 quond.
1851 1163 1995 1194 Joannis
2016 1163 2086 1203 ep.i
2102 1163 2314 1195 Lincolnien.
2331 1165 2367 1196 et

759 1213 858 1252 capit.
879 1213 958 1244 0001.
974 1214 1187 1245 Lincolnien.
1205 1214 1453 1246 interveniente
1473 1223 1653 1252 consensu,
1680 1215 1773 1255 cupit
1788 1216 1825 1247 ut
1844 1216 2028 1256 gardianus
2046 1217 2080 1248 et
2101 1216 2267 1256 capellani
2282 1225 2366 1258 prae-

759 1266 841 1297 dicti
856 1266 920 1297 sub
930 1275 997 1298 uno
1008 1267 1138 1305 habitu,
1152 1268 1270 1307 regula
1280 1269 1313 1299 et
1322 1268 1440 1299 ordine
1453 1268 1494 1299 de
1509 1269 1627 1300 caetero
1640 1269 1767 1300 vivant.
1785 1269 1838 1308 (A.
1855 1271 1905 1307 19,
1921 1270 1944 1301 f.
1955 1271 2012 1301 391
2027 1269 2058 1306 1³3
2074 1269 2110 1301 V.
2128 1271 2178 1308 75,
2192 1278 2246 1310 ep.
2261 1269 2367 1310 1442.)

806 1317 943 1350 18039.
962 1338 1000 1343 -
1016 1320 1110 1351 Petro
1128 1321 1163 1351 de
1187 1321 1337 1356 Vernone,
1362 1330 1432 1362 cap.
1458 1321 1597 1352 lsabellae
1621 1322 1733 1362 reqinae
1756 1322 1891 1363 Anqliae,
1916 1331 2010 1362 prov.
2041 1331 2158 1354 canon.
2181 1323 2246 1354 sub
2267 1330 2365 1364 exsp.

759 1373 861 1412 praeb.
879 1374 958 1405 ecel.
975 1374 1216 1411 Ebroicensis3
1233 1383 1299 1406 non
1319 1374 1406 1406 obst.
1431 1375 1564 1415 paroch.
1592 1376 1672 1407 0001.
1701 1376 1742 1407 (10
1766 1375 1956 1412 ScokesIer,
1981 1376 2166 1409 Eboracen.
2199 1377 2258 1413 di.,
2277 1376 2367 1408 acin

759 1426 958 1465 Cicestren.,
976 1427 1017 1458 de
1033 1428 1191 1459 Vernone
1206 1429 1238 1459 et
1254 1428 1377 1460 Gerlor
1393 1428 1488 1465 eccl„
1503 1428 1690 1461 Eboraoen.
1708 1430 1742 1460 et
1756 1429 1935 1461 Belvacen.
1951 1429 2012 1468 di.,
2025 1438 2141 1462 canon.
2161 1430 2194 1462 et
2209 1429 2312 1470 praeb.
2326 1447 2365 1454 -—

757 1480 785 1510 I.
802 1488 830 1511 e.
856 1488 900 1511 m.
921 1489 996 1520 ep.o
1012 1481 1260 1518 Winctonien.,
1275 1483 1308 1512 et
1324 1481 1432 1520 priori
1458 1482 1494 1513 B.
1523 1482 1567 1513 M.
1599 1482 1639 1513 de
1666 1482 1858 1523 Suthwerk,
1885 1482 2116 1515 Winctonien.
2138 1483 2199 1521 di.,
2221 1491 2259 1514 ac
2275 1491 2364 1524 mag.

757 1533 880 1564 Joanni
908 1534 949 1565 de
975 1535 1184 1574 Lescappon‚
1209 1543 1281 1566 can.
1310 1534 1510 1573 Dublinen.‚
1537 1535 1616 1567 cler.
1638 1544 1779 1567 camerae
1805 1535 1917 1576 Papae.
1950 1536 2002 1575 (A.
2025 1537 2072 1574 19,
2091 1536 2189 1569 12391
2207 1536 2238 1575 ¹³3
2261 1535 2295 1568 V.
2312 1537 2364 1575 75,

758 1595 810 1626 ep.
828 1587 933 1624 1443.)
2032 1610 2037 1613 -

804 1637 940 1669 18040.
962 1659 999 1663 -
1025 1640 1177 1672 Willelmo
1199 1641 1236 1672 de
1249 1641 1392 1679 Boudon,
1406 1642 1478 1672 cler.
1498 1641 1639 1673 Isabellae
1654 1643 1768 1682 reyinae
1786 1642 1918 1683 Anqliae,
1937 1651 2032 1683 prov.
2049 1652 2166 1675 canon.
2185 1642 2250 1674 sub
2265 1651 2362 1683 exsp.

757 1693 861 1733 praeb.
881 1694 960 1725 eccl.
979 1694 1202 1726 Hereforden.
1214 1703 1223 1731 3
1241 1703 1308 1726 non
1325 1694 1412 1726 obst.
1430 1695 1566 1735 paroch.
1583 1695 1665 1726 eccl.
1681 1696 1722 1727 de
1736 1696 1941 1732 Blomiham,
1958 1696 2167 1728 Lincolnien.
2186 1696 2246 1734 di.,
2263 1698 2295 1728 et
2310 1705 2364 1728 ca-

756 1756 835 1778 non.
858 1756 896 1778 ac
910 1746 1012 1786 praeb.
1029 1747 1109 1778 eccl.
1125 1747 1362 1779 Eboracensis.
1381 1765 1420 1771 —
1433 1749 1460 1779 I.
1477 1757 1506 1779 0.
1523 1757 1569 1779 m.
1589 1750 1625 1779 ut
1637 1757 1664 1779 s.
1679 1748 1874 1787 (Cancellata
1887 1749 1951 1789 suit
1965 1749 2002 1780 de
2017 1749 2121 1781 mand.
2141 1749 2211 1781 dmi
2225 1750 2363 1780 vicecan-

757 1799 907 1839 cellarii.)
923 1800 975 1840 (A.
997 1802 1045 1838 19,
1064 1800 1086 1831 f.
1104 1802 1165 1832 340
1182 1806 1213 1838 ²3
1235 1801 1272 1832 V.
1292 1803 1342 1839 75,
1361 1810 1413 1841 ep.
1434 1801 1540 1840 1446.)

803 1850 939 1883 18041.
959 1871 997 1876 —-
1021 1853 1157 1884 Waltero
1175 1853 1212 1884 de
1224 1854 1393 1884 Londoniis
1410 1854 1538 1886 similis
1548 1855 1658 1895 gratia
1673 1855 1708 1886 in
1724 1855 1804 1886 eccl.
1819 1855 2077 1893 Saresbiriensi,
2095 1857 2223 1888 consid.
2241 1857 2364 1897 praefa-

755 1908 798 1938 tae
813 1907 937 1947 reginae
944 1916 954 1943 ;
973 1915 1040 1937 non
1054 1906 1141 1938 obst.
1160 1907 1239 1938 eccl.
1256 1908 1297 1939 de
1315 1908 1476 1945 Arewlle‚
1493 1917 1521 1940 0.
1542 1917 1584 1945 0.,
1601 1908 1682 1939 etin
1698 1908 1817 1948 colleg.
1837 1909 1917 1940 eccl.
1933 1909 1975 1940 de
1992 1909 2234 1947 Abbatisvilla,
2247 1911 2363 1943 Saros-

755 1960 877 1991 birien.
894 1962 927 1991 et
950 1959 1153 1991 Ambianen.
1182 1961 1242 1998 di.,
1265 1968 1384 1992 canon.
1404 1965 1437 1992 et
1461 1961 1565 2001 praeb.
1593 1969 1632 1984 ’-
1659 1962 1686 1992 1.
1712 1970 1742 1993 e.
1771 1971 1816 1993 m.
1841 1963 1879 1993 ut
1901 1971 1930 1993 s.
1950 1962 2002 2001 (Α.
2020 1965 2070 1998 19,
2088 1963 2111 1994 f.
2128 1964 2189 1995 340
2205 1963 2236 2002 ¹³3
2260 1964 2298 1996 V.
2312 1965 2362 2004 75,

754 2022 807 2053 ep.
829 2014 935 2053 1447.)

802 2064 939 2097 18042.
957 2084 997 2089 —
1014 2067 1159 2097 Ministro
1171 2067 1364 2107 provinciali
1378 2068 1414 2099 F.
1436 2067 1469 2098 Ο.
1491 2068 1533 2098 Μ.
1554 2068 1586 2098 in
1601 2068 1765 2109 provincia
1779 2069 1930 2100 Januensi
1947 2074 1977 2100 et
1998 2070 2155 2110 fratribus
2171 2070 2274 2111 ejusd.
2293 2071 2360 2103 ord.

755 2120 816 2150 Ioci
830 2120 1039 2160 Albinqanen.
1060 2120 1205 2152 facultas
1233 2121 1461 2152 reaedificandi
1480 2121 1592 2152 locum
1620 2121 1678 2162 qui
1698 2122 1796 2162 juxta
1822 2131 1940 2154 muros
1965 2123 2115 2155 civitatis
2134 2123 2362 2165 Albinganen.

754 2173 963 2205 consistebat
979 2174 1105 2214 quique
1121 2182 1182 2213 pro
1206 2174 1318 2214 ipsius
1341 2174 1432 2205 civit.
1461 2175 1569 2206 tutela
1585 2183 1693 2215 usque
1710 2176 1751 2206 ad
1777 2176 1998 2208 fundamenta
2024 2177 2218 2209 destructus
2234 2178 2361 2217 extitit,

753 2227 843 2258 infra
860 2227 983 2258 maenia
998 2227 1107 2267 ejusd.
1125 2227 1232 2265 civit,
1249 2227 1330 2259 licet
1343 2230 1483 2267 propter
1498 2228 1702 2267 parvitatem
1724 2228 1874 2260 ambitus
1889 2238 1994 2269 prope
2009 2230 2190 2262 ecclesiam
2206 2231 2245 2262 F.
2264 2231 2303 2264 Ο.
2321 2232 2360 2264 Ρ.

753 2281 844 2312 idern
862 2281 957 2311 Iocus
971 2280 1159 2311 consistere
1174 2280 1305 2312 debeat.
1325 2281 1377 2320 (A.
1393 2282 1443 2320 19,
1458 2280 1481 2311 f.
1498 2282 1558 2313 397
1574 2280 1604 2318 b,
1627 2281 1661 2312 V.
1680 2283 1729 2319 75,
1747 2291 1800 2322 ep.
1820 2284 1899 2314 1467
1907 2293 1917 2320 ;
1934 2282 2055 2321 Euhel,
2070 2283 2248 2314 Bullam'um
2261 2285 2364 2316 Frem-

755 2334 918 2369 ciscamm,
936 2335 959 2364 l.
979 2334 1020 2369 V,
1044 2343 1076 2373 p.
1094 2335 1166 2369 253,
1183 2343 1214 2364 n.
1236 2336 1321 2371 510.)

798 2386 809 2398 ³
840 2384 975 2416 18043.
995 2406 1033 2410 —
1053 2387 1219 2418 Guillelmo
1236 2387 1273 2418 de
1293 2387 1426 2428 Unqula,
1452 2398 1533 2418 mon.
1558 2393 1687 2419 monast.
1718 2388 1916 2425 cluniacen„
1944 2390 2145 2423 Matisconen.
2165 2390 2223 2429 di.,
2243 2391 2362 2423 confir·
2417 2396 2420 2399 “

754 2442 867 2472 matur
883 2441 925 2472 ad
940 2440 1045 2472 vitam
1070 2441 1268 2472 commissio
1292 2441 1358 2480 ipsi
1383 2441 1471 2472 facta
1493 2450 1512 2472 a
1535 2442 1660 2481 quond.
1678 2442 1884 2480 Raimundo,
1904 2442 2026 2475 abbate
2044 2443 2126 2475 dicti
2145 2446 2305 2483 monast„
2320 2445 2362 2477 de

754 2495 855 2526 domo
872 2502 932 2524 seu
949 2494 1112 2525 decanatu
1127 2494 1168 2525 de
1182 2494 1406 2530 Valensoliis,
1425 2494 1623 2528 Cluniacen.
1651 2495 1737 2533 ord.,
1751 2496 1878 2536 Regen.
1900 2496 1960 2534 di.,
1979 2496 2090 2528 eidem
2113 2499 2259 2530 monast.
2285 2497 2363 2530 sub-

751 2548 852 2588 jecta,
871 2555 931 2586 pro
947 2555 1050 2578 censu
1068 2555 1180 2578 annuo
1197 2548 1257 2578 800
1274 2547 1334 2578 111).
1351 2547 1509 2579 viennen.
1527 2565 1566 2569 —
1581 2548 1777 2588 Sequuntur
1792 2549 1915 2580 litterae
1929 2549 2038 2589 ejusd.
2057 2549 2190 2582 abbatis
2205 2550 2268 2582 suh
2284 2551 2363 2583 data

755 2609 842 2632 anno
858 2600 1071 2636 MCCCXXI,
1099 2600 1169 2631 ind.
1201 2606 1262 2638 1v²‚
1286 2601 1340 2632 die
1365 2606 1429 2631 xx*
1456 2601 1587 2632 mensis
1612 2603 1690 2640 oct„
1718 2601 1889 2633 confectae.
1915 2602 1968 2642 (Α.
1998 2604 2047 2640 19,
2077 2603 2100 2633 f.
2118 2605 2178 2635 498
2193 2609 2222 2642 ⁸3
2253 2604 2289 2636 V.
2309 2606 2360 2643 75,

755 2662 806 2694 ep.
827 2653 934 2692 1472.)

801 2703 934 2735 18044.
954 2723 992 2729 -
1007 2706 1131 2736 Estolto
1149 2706 1186 2737 de
1202 2706 1354 2742 Mam-mo,
1378 2715 1468 2738 mon.
1493 2708 1637 2738 monast.
1658 2716 1685 2738 s.
1711 2707 1880 2739 Martialis
1903 2708 2172 2746 Lemovicensis,
2192 2710 2231 2743 Ο.
2249 2710 2283 2742 S.
2306 2711 2358 2747 B.,
2418 2715 2422 2720 ’

753 2760 863 2800 gratia
876 2768 972 2799 exsp.
989 2760 1174 2799 prioratus,
1196 2759 1250 2790 vel
1269 2761 1483 2799 personatus,
1508 2769 1569 2791 seu
1589 2761 1694 2800 dign„
1718 2762 1776 2792 aut
1795 2761 1986 2793 administr.
2004 2763 2059 2794 vel
2076 2762 2186 2795 benef.
2208 2773 2237 2795 c.
2258 2773 2284 2795 0.
2305 2764 2360 2796 vel

754 2822 782 2845 s.
798 2822 826 2844 0.
843 2813 917 2853 (100
932 2812 955 2843 1.
977 2814 1029 2851 t.),
1048 2812 1169 2851 pertin.
1189 2812 1232 2843 ad
1241 2813 1353 2844 collat.
1373 2812 1506 2844 abbatis
1520 2815 1552 2844 et
1568 2822 1663 2845 conv.
1681 2814 1790 2854 ejusd.
1805 2815 2006 2847 monasterii
2018 2817 2051 2847 et
2065 2825 2127 2856 per
2141 2817 2252 2857 ipsius
2266 2826 2357 2849 mon.

753 2866 831 2907 gub.
851 2865 956 2897 soliti.
975 2882 1013 2887 —
1029 2866 1055 2896 Ι.
1075 2873 1102 2896 e.
1123 2874 1168 2896 m.
1185 2865 1390 2905 Ruthenen,
1416 2866 1585 2898 Lodoven.
1613 2868 1646 2898 et
1662 2867 1784 2899 Riven.
1805 2868 1905 2907 epis.
1934 2869 1985 2908 (A.
2010 2869 2060 2907 19,
2076 2869 2100 2900 f.
2117 2871 2176 2902 361
2193 2869 2225 2908 ¹²5
2249 2870 2282 2902 V.
2307 2871 2357 2906 75,

798 2944 804 2950 .
861 2920 912 2950 22.

753 2919 934 3003 ΕΡ1115045).
953 2990 991 2995 —
1007 2972 1101 3003 Petro
1125 2972 1279 3003 Mistralis
1294 2972 1332 3003 de
1347 2973 1482 3003 Mem'aco
1500 2982 1593 3013 prov.
1618 2982 1735 3005 canon.
1764 2973 1829 3005 sub
1857 2983 1952 3015 exsp.
1979 2975 2082 3015 praeb.
2103 2975 2334 3008 Lausanensis
2345 2985 2356 3015 ;

752 3035 819 3058 non
837 3025 922 3058 obst.
941 3034 1035 3066 exsp.
1055 3025 1166 3057 benef.
1185 3035 1212 3057 c.
1232 3035 1259 3057 c.
1280 3026 1334 3057 vel
1354 3035 1380 3057 S.
1400 3035 1426 3058 0.
1445 3027 1498 3067 (60
1517 3026 1538 3057 1.
1559 3028 1598 3066 t.)
1614 3027 1649 3058 in
1667 3027 1758 3059 civit.
1778 3027 1832 3059 vel
1849 3028 1894 3059 di.
1913 3027 2163 3065 Tar-amasiam,
2178 3030 2220 3061 ad
2241 3030 2352 3063 collat.
