2592 3528
565 760 1217 869 JOANNIS
1309 756 1734 858 PAPAE
1826 753 2165 855 XXII

390 1701 490 1727 Datum
508 1693 690 1728 Avenione.

427 1803 467 1830 22
481 1806 550 1837 sept.
569 1802 655 1829 1321.

444 1848 474 1882 (x
492 1848 549 1874 kal.
570 1846 639 1878 oct.)

505 1962 572 1989 Uis

501 2121 534 2148 L't
553 2129 576 2148 s.

503 2279 536 2307 Ut
557 2288 580 2307 s.

503 2494 537 2521 [t
557 2502 580 2521 s.

501 2600 535 2627 Ut
555 2608 578 2627 s.

503 2916 537 2943 Ut
553 2924 575 2943 s.

1172 943 1554 1016 (1316-1334)

858 1162 1313 1237 LITTERAE
1379 1161 1506 1233 DE
1565 1158 1873 1233 CURIA

1212 1482 1247 1530 Α
1265 1481 1306 1529 Ν
1325 1481 1366 1530 Ν
1387 1480 1395 1528 Ι
1450 1480 1489 1529 V
1507 1484 1516 1524 Ι
1662 1537 1666 1539 .

1025 1581 1061 1628 (5
1085 1583 1178 1629 sept.
1204 1580 1313 1617 1321
1336 1600 1386 1606 —
1406 1580 1433 1616 4
1455 1581 1547 1628 sept.
1572 1578 1700 1625 1322)

828 1795 960 1827 16077.
978 1816 1014 1820 -
1031 1797 1142 1827 Pontio
1162 1796 1303 1836 Auget-ii,
1326 1804 1429 1835 praep.
1449 1795 1586 1835 Apten.‚
1606 1795 1801 1835 Campaniae
1817 1795 2066 1836 Maritimaeque
2081 1795 2246 1833 thesaur„
2262 1796 2378 1830 mand.

780 1854 816 1883 ut
831 1851 994 1883 fortalitia
1010 1852 1198 1882 castrorum
1213 1850 1251 1881 E.
1271 1851 1311 1881 R.
1338 1849 1373 1880 in
1388 1849 1459 1880 illis
1476 1848 1631 1889 partibus
1647 1848 1921 1888 consistentium,
1937 1857 2013 1889 quae
2035 1848 2171 1881 ruinam
2188 1849 2378 1888 minantur,

780 1905 929 1945 reparari
948 1904 1058 1935 saciat.
1075 1904 1126 1944 (A.
1148 1906 1195 1941 17,
1217 1903 1238 1934 f.
1256 1904 1315 1934 374
1329 1902 1356 1939 Ι),
1382 1902 1418 1934 V.
1437 1904 1486 1940 73,
1507 1911 1559 1942 ep.
1574 1903 1604 1940 4,
1624 1901 1661 1933 de
1677 1903 1757 1940 cur.)

825 1955 955 1987 16078.
976 1975 1014 1980 -
1031 1956 1108 1988 Eid.
1127 1957 1239 1988 mand.
1254 1958 1291 1988 ut
1308 1956 1417 1987 solvat
1431 1956 1603 1995 stipendia
1620 1964 1690 1987 xxv
1716 1955 1871 1996 equitum
1889 1956 1923 1987 et
1938 1964 1979 1987 xt.
2004 1955 2155 1996 peditum
2174 1964 2262 1997 quos
2286 1965 2378 1999 mag.

778 2012 982 2044 Guillelmus
998 2011 1039 2042 de
1055 2011 1203 2047 Balaeto,
1220 2011 1372 2050 tempore
1388 2019 1455 2050 quo
1470 2009 1664 2049 Campaniae
1680 2008 1927 2049 Maritimaeque
1941 2009 2135 2049 provincias
2152 2011 2190 2042 ut
2202 2011 2313 2042 rector
2327 2010 2380 2043 in-

778 2073 915 2106 gressus
931 2064 1006 2102 fuit,
1024 2073 1137 2095 secum
1152 2063 1250 2094 duxit
1265 2065 1298 2094 et
1310 2072 1369 2103 per
1387 2073 1424 2093 ιιι
1442 2071 1577 2094 menses
1592 2063 1712 2094 tenuit.
1727 2062 1781 2103 (A.
1798 2064 1847 2100 17,
1862 2062 1885 2094 t'.
1903 2064 1964 2094 374
1975 2061 2007 2100 b;
2022 2062 2060 2094 V.
2073 2064 2123 2101 73,
2136 2070 2191 2103 ep.
2205 2064 2236 2100 5,
2250 2062 2287 2095 de
2297 2063 2378 2104 cur.)

823 2115 956 2147 16079.
975 2135 1011 2140 -
1031 2117 1071 2149 Ν.
1091 2128 1116 2147 υ.
1134 2117 1275 2157 Itoffm'do
1293 2116 1471 2147 Fundorum
1488 2121 1516 2147 et
1531 2116 1700 2147 Benedicta
1715 2115 1856 2147 Palatia.
1878 2115 2037 2147 comitibus
2051 2116 2165 2148 mand.
2181 2118 2219 2161 ut
2235 2116 2380 2157 praefato

778 2172 898 2204 rectori
915 2171 1082 2203 rationem
1099 2171 1241 2202 reddant
1257 2171 1298 2201 de
1317 2169 1508 2201 redditibus
1524 2170 1559 2201 in
1575 2170 1748 2210 praedit-tis
1762 2169 1948 2210 provinciis
1958 2169 2130 2210 perceptis
2143 2170 2297 2211 tempore
2310 2178 2381 2212 quo

777 2226 929 2265 ipsarum
945 2225 1094 2265 regimen
1110 2224 1280 2264 gerebant.
1303 2224 1356 2264 (Α.
1377 2226 1425 2259 17,
1443 2223 1465 2254 f.
1480 2225 1539 2255 374
1556 2223 1587 2261 ¹³3
1609 2223 1645 2255 V.
1662 2225 1712 2260 73,
1727 2232 1780 2264 ep.
1797 2226 1829 2259 6,
1848 2222 1884 2253 de
1900 2223 1982 2263 cur.)
2187 2216 2191 2220 ”

823 2275 959 2308 16080.
978 2297 1015 2301 -
1033 2278 1169 2317 Praefato
1185 2277 1298 2308 rectori
1314 2277 1425 2308 mand.
1443 2279 1480 2308 ut
1497 2277 1611 2308 omnia
1625 2276 1728 2314 bona,
1746 2285 1820 2317 quae
1844 2277 1968 2308 Petrus
1991 2275 2184 2316 archiep.us
2199 2276 2377 2309 cusentin.

776 2334 926 2372 tempore
944 2340 1012 2362 suae
1030 2331 1239 2362 infirmitatis
1257 2330 1412 2366 habebat,
1431 2330 1498 2362 sibi
1515 2330 1616 2362 faciat
1634 2330 1824 2371 assignare,
1842 2330 1914 2361 illis
1932 2331 2047 2361 tamen
2061 2330 2214 2371 exceptis
2235 2339 2311 2371 quae
2330 2330 2382 2362 fa-

777 2385 848 2416 mil.
870 2385 923 2416 vel
939 2384 1163 2416 servitoribus
1179 2384 1253 2415 suis
1276 2384 1454 2421 concessit,
1479 2392 1556 2415 cum
1575 2384 1745 2424 quasdam
1768 2383 1969 2415 donationes
1987 2383 2120 2415 dicatur
2150 2383 2265 2415 minus
2283 2383 2379 2424 juste

778 2439 910 2470 fecisse.
934 2438 985 2478 (Α.
1002 2440 1051 2475 17,
1071 2438 1093 2468 f.
1113 2439 1171 2469 375
1185 2443 1217 2475 ξι;
1243 2437 1278 2469 V.
1297 2439 1347 2474 73,
1365 2446 1416 2476 ep.
1433 2439 1463 2474 7,
1481 2436 1518 2468 de
1531 2438 1614 2477 cur.)

824 2488 960 2521 16081.
979 2509 1015 2531 -ss
1031 2490 1107 2521 Eid.
1124 2500 1215 2522 conc.
1234 2492 1385 2530 potestas
1403 2490 1566 2530 puniendi
1585 2498 1751 2522 excessus
1785 2489 1988 2521 clericorum
2002 2489 2268 2530 provinciarum,
2293 2498 2380 2531 qua-

779 2553 851 2575 rum
868 2546 975 2575 rector
992 2544 1119 2582 existit,
1137 2543 1372 2575 deficientibus
1385 2544 1545 2584 praelatis.
1567 2543 1619 2582 (A.
1640 2546 1690 2581 17,
1708 2543 1734 2574 f.
1751 2544 1810 2575 375
1823 2548 1855 2580 ει;
1885 2542 1916 2573 V.
1940 2545 1991 2580 73,
2017 2551 2070 2583 ep.
2085 2544 2116 2580 8,
2133 2541 2171 2574 de
2183 2542 2263 2582 cur.)

825 2594 959 2627 16082.
975 2615 1013 2621 —-
1027 2597 1194 2638 Archiep.o
1212 2597 1370 2638 Sipontin.
1396 2597 1509 2629 mand.
1528 2599 1566 2629 ut
1590 2598 1784 2637 sequestret
1802 2596 1934 2628 fructus
1952 2596 2097 2628 monast.
2127 2604 2156 2627 s.
2173 2595 2317 2628 ,Ioannis
2338 2596 2376 2629 in

780 2651 916 2686 Lamis,·
930 2651 968 2683 Ο.
986 2651 1019 2683 S.
1036 2651 1087 2688 B„
1102 2651 1307 2682 monasterio
1325 2652 1528 2688 Casaenovae,
1546 2651 1619 2682 ord.
1643 2650 1800 2688 cisterc„
1814 2649 1984 2690 Sipontin.
2002 2650 2036 2681 et
2054 2649 2205 2681 Pennen.
2230 2649 2290 2688 di.,
2313 2649 2382 2682 mi-

779 2713 843 2735 nus
859 2704 1016 2736 canonice
1030 2704 1129 2739 uniti,
1144 2706 1177 2735 et
1196 2713 1214 2735 a
1229 2713 1316 2744 mag.
1336 2705 1521 2736 Guillelmo
1539 2704 1580 2736 de
1606 2704 1756 2741 Balaeto,
1772 2704 1855 2735 tuno
1875 2703 1968 2735 civit.
1985 2703 2214 2735 Beneventan.
2233 2704 2379 2742 rectore,

779 2758 820 2788 ad
833 2757 888 2797 jus
900 2758 932 2788 et
947 2757 1188 2797 proprietatem
1211 2758 1250 2788 E.
1269 2758 1309 2790 R.
1335 2758 1584 2789 sententialiter
1601 2757 1770 2795 revocati;
1794 2765 1863 2789 non
1877 2755 1964 2788 obst.
1979 2756 2070 2796 quod
2085 2755 2192 2787 abbas
2205 2755 2288 2788 dicti
2304 2764 2375 2788 mo-

778 2811 864 2841 nast.
883 2810 1072 2842 Casaenovae
1086 2819 1105 2841 a
1116 2810 1205 2842 dicta
1221 2811 1389 2842 sententia
1403 2811 1444 2842 ad
1458 2812 1492 2843 S.
1510 2811 1551 2842 Α.
1566 2810 1790 2850 appellaverit
1799 2819 1809 2846 ;
1827 2810 2003 2841 reservata
2016 2810 2130 2841 tamen
2149 2808 2226 2842 abb.
2245 2810 2279 2841 et
2295 2809 2381 2841 aliis

778 2863 940 2894 fratribus
955 2872 1102 2903 congrua
1118 2864 1282 2903 portione.
1300 2864 1352 2904 (A.
1371 2866 1419 2901 17,
1439 2864 1462 2895 f.
1478 2866 1537 2896 375
1551 2864 1580 2902 ¹²;
1603 2864 1638 2895 V.
1653 2866 1704 2901 73,
1722 2871 1777 2903 ep.
1794 2865 1828 2899 9,
1847 2862 1886 2894 de
1902 2862 1984 2903 cur.)

823 2913 958 2946 18083.
973 2935 1012 2939 -
1029 2916 1104 2947 Eid.
1121 2917 1277 2958 archiepo
1294 2918 1405 2949 mand.
1418 2919 1456 2948 ut
1470 2926 1507 2949 se
1522 2917 1683 2949 informet
1700 2917 1740 2948 de
1752 2917 1845 2948 statu
1859 2916 1992 2956 praet'ati
2008 2917 2155 2948 monast.
2168 2915 2371 2953 Casaenovae,

778 2970 813 3000 in
831 2978 897 3009 quo
911 2971 1047 3009 propter
1064 2969 1196 3002 abbatis
1214 2971 1339 3002 malam
1356 2971 1549 3010 administr.
1566 2971 1638 3011 jam
1661 2970 1750 3010 oepit
1767 2970 1926 3001 divinum
1946 2969 2001 3001 off.
2016 2969 2184 3009 deperire,
2205 2970 2239 3000 et
2266 2968 2379 3009 ipsius

778 3023 907 3054 fructus
923 3025 1124 3063 sequestret,
1147 3025 1320 3055 reservata
1333 3024 1388 3055 eid
1408 3023 1496 3060 abb„
1511 3023 1687 3064 {fratribus
1717 3025 1749 3055 et
1779 3021 2009 3054 servientibus
2025 3030 2174 3063 congrua
2205 3021 2371 3062 portione.

777 3076 829 3115 (A.
848 3077 896 3111 17,
916 3076 938 3107 f.
959 3078 1017 3108 375
1034 3076 1066 3113 ὓς
1093 3076 1125 3108 V.
1147 3078 1196 3114 73,
1212 3085 1263 3116 ep.
1283 3078 1331 3115 10,
1350 3077 1387 3108 de
1403 3078 1483 3115 cur.)
