2592 3528
289 323 350 354 350
508 318 761 350 APPENDICES
785 318 840 349 ΑΙ)
862 317 1071 349 SEPTIMUM
1095 317 1290 350 BULLARII
1311 317 1486 350 JOANNIS
1508 318 1598 350 XXII
1621 317 1781 350 ANNUM.
1804 335 1842 342 -
1865 317 2107 359 (1816-1884)

1466 824 1582 876 IV

871 958 1103 990 Instrumenta
1125 955 1269 990 archivii
1293 957 1409 991 Castri
1430 957 1551 991 Sancti
1574 957 1699 1003 Anqeli
1721 969 1892 992 annorum
1918 956 2012 994 1322
2031 964 2064 992 et
2091 956 2182 995 1323

1107 1034 1215 1074 prout
1236 1028 1273 1062 in
1296 1028 1489 1062 inventario
1515 1029 1748 1075 Garampiano
1765 1029 1889 1075 jacent
1906 1030 1928 1063 ¹.

439 1230 528 1258 1322.
771 1226 907 1259 18188.
927 1247 965 1253 -
987 1229 1099 1260 Jacobi
1121 1229 1244 1260 Osilien.
1263 1230 1328 1271 epa*
1343 1229 1466 1262 litterae
1479 1230 1522 1262 ad
1543 1230 1775 1268 Fredericum,
1791 1230 1913 1271 Rigen.
1937 1230 2161 1271 archiep.um,
2179 1231 2220 1263 de
2237 1232 2331 1264 statu

724 1283 805 1314 eccl.
824 1283 946 1323 Rigen.
964 1284 997 1314 et
1015 1283 1056 1314 de
1074 1282 1357 1322 usurpationibus
1374 1283 1674 1315 Theutonicorum.
1690 1301 1729 1307 —
1746 1284 1833 1316 Item
1847 1283 1923 1316 aliae
1939 1283 2034 1316 Petri
2049 1284 2090 1316 de
2105 1283 2201 1316 Salso
2219 1284 2263 1316 ad
2274 1285 2332 1317 Ja-

724 1336 846 1368 cobum
870 1345 985 1377 epum
1010 1336 1187 1373 Ossilien.,
1211 1337 1377 1368 vicarium
1395 1337 1561 1377 archiep.i
1577 1337 1713 1378 Rigen.,
1737 1337 1778 1369 de
1799 1337 1936 1378 injuriis
1958 1337 2027 1378 ipsi
2051 1338 2085 1370 et
2109 1337 2191 1370 eccl.
2207 1338 2329 1379 Rigen.

725 1390 832 1421 illatis
850 1399 869 1421 a
884 1390 1091 1422 marescalco
1109 1392 1218 1422 terrae.
1237 1390 1290 1429 (Α.
1306 1390 1345 1423 Α.
1362 1390 1627 1432 lustramentum.)

370 1445 405 1471 18
420 1443 486 1477 jan.
506 1443 596 1472 1323.
769 1439 782 1456 v
800 1441 936 1474 18189.
958 1462 996 1467 -
1017 1444 1180 1475 Instrum.
1203 1444 1423 1485 obligationis
1445 1445 1637 1476 communis
1659 1445 1791 1477 servitii
1812 1445 1906 1478 Petri
1928 1444 2004 1477 abb.
2027 1446 2174 1477 monast.
2197 1445 2332 1478 Clunia-

724 1506 809 1534 cen.,
826 1498 1050 1529 Matisconen.
1068 1497 1113 1528 di.
1127 1497 1227 1536 (Arm.
1242 1497 1314 1536 XV,
1332 1508 1426 1539 capsa
1444 1498 1501 1536 XI,
1518 1507 1551 1529 n.
1566 1500 1596 1536 7,
1615 1507 1646 1539 p.
1667 1500 1752 1538 136.)

332 1553 344 1578 1
361 1551 445 1587 (kal.)
461 1559 523 1586 apr.
542 1549 629 1578 1323.
769 1546 783 1563 v
800 1547 936 1581 18190.
956 1568 996 1573 -
1008 1551 1152 1582 Joannis
1175 1552 1275 1583 XXII
1294 1551 1388 1583 bulla
1402 1560 1505 1592 super
1520 1551 1738 1592 deputatione
1753 1552 1897 1584 Joannis
1917 1552 1958 1584 de
1975 1551 2110 1584 Amelio
2125 1552 2160 1583 in
2177 1551 2332 1584 collecto-

726 1613 797 1636 rem
815 1605 986 1636 fruetuum
1001 1605 1105 1644 primi
1119 1605 1199 1636 anni
1213 1605 1455 1637 beneficiorum
1473 1614 1544 1637 vac.
1555 1605 1590 1637 in
1605 1606 1730 1638 ducatu
1738 1606 1912 1646 Spoletan.
1923 1605 2083 1644 (Armario
2093 1605 2184 1646 XIII,
2195 1615 2291 1647 capsa
2299 1608 2330 1644 ⁷,

725 1667 758 1689 n.
778 1660 806 1689 2.

368 1712 381 1738 Ι
387 1711 405 1738 6
424 1718 486 1745 apr,
506 1709 594 1738 1323.
773 1660 909 1742 18)191.
927 1730 966 1734 -
979 1713 1121 1744 Joannis
1136 1713 1236 1744 XXII
1251 1713 1400 1753 epistula
1414 1713 1456 1744 ad
1469 1714 1636 1744 rectorem
1657 1713 1861 1745 Patrimonii
1876 1721 1938 1752 pro
1950 1712 2181 1753 publicatione
2198 1721 2333 1753 proces-

727 1774 826 1796 suum
843 1767 959 1797 contra
973 1766 1165 1797 Guidonem
1179 1766 1310 1797 Aretin.
1328 1775 1456 1805 ep.utn‚
1474 1766 1700 1798 adhaerentem
1718 1765 1902 1797 comitibus
1921 1766 1963 1798 de
1978 1765 2220 1798 Monteferetro
2237 1766 2332 1798 aliis-

727 1828 791 1858 que
811 1818 997 1850 rebellibus
1012 1820 1054 1851 R.
1071 1820 1123 1856 Ε.,
1141 1819 1199 1860 qui
1214 1820 1378 1850 nonnulla
1391 1821 1502 1851 castra
1518 1819 1694 1860 occupavit
1710 1819 1745 1850 in
1762 1819 1898 1856 Tuscia,
1917 1819 2079 1857 Max-chia,
2092 1819 2331 1858 Romandiola,

727 1872 851 1903 ducatu
872 1872 1059 1912 Spoletan„
1077 1881 1206 1904 necnon
1222 1872 1538 1904 Civitatemcastelli
1556 1875 1589 1904 et
1604 1872 1784 1905 Urbinum.
1801 1873 1854 1906 (Α.
1869 1873 1910 1905 Α.
1927 1872 2092 1911 Inurum.)

445 1923 480 1961 Ut
496 1932 519 1950 s.
775 1922 910 1955 18192.
926 1943 966 1948 -
980 1925 1092 1956 Eidem
1108 1935 1168 1966 pro
1184 1925 1415 1966 publicatione
1430 1934 1654 1966 processuum
1669 1928 1786 1957 contra
1802 1926 1973 1957 Bavarum
1987 1926 2129 1966 ejusque
2146 1926 2336 1959 ambascia-

727 1980 829 2015 tores,
847 1987 962 2018 ep.um
979 1979 1123 2017 Aretin„
1140 1979 1332 2016 Firmanos,
1349 1979 1599 2010 Fabrianenses
1614 1981 1647 2011 et
1663 1979 1902 2011 Vicecomites.
1917 1980 1970 2018 (A.
1991 1979 2031 2010 A.
2050 1979 2213 2019 Instrum.)

369 2032 405 2058 18
423 2031 490 2058 maii
508 2030 596 2058 1323.
774 2029 910 2062 18193.
928 2051 962 2056 -
987 2033 1006 2063 J
1010 2033 1131 2064 oannis
1156 2033 1256 2064 XXII
1274 2032 1369 2064 bulla
1387 2033 1430 2064 ad
1449 2031 1658 2073 archiep.um
1673 2032 1846 2072 Spalaten.
1865 2041 1927 2073 pro
1944 2032 2176 2074 publicatione
2197 2042 2334 2074 proces-

727 2094 827 2117 suum
844 2087 961 2117 contra
977 2086 1216 2118 Vicecomites.
1235 2086 1284 2127 (A.
1303 2086 1342 2117 A.
1361 2085 1525 2125 lustrum.)

377 2140 396 2166 8
410 2138 478 2172 jun.
501 2138 587 2167 1323.
775 2136 911 2169 18194.
938 2156 975 2161 -
993 2140 1154 2171 Instrum.
1182 2149 1249 2180 quo
1272 2141 1482 2172 Bertrandus
1504 2140 1595 2172 card.
1613 2149 1641 2172 s.
1661 2140 1826 2175 Marcelli,
1853 2141 1894 2171 A.
1910 2140 1944 2172 S.
1961 2139 2104 2181 legatus,
2123 2141 2227 2172 donat
2250 2149 2285 2172 n.
2299 2149 2333 2172 v.

727 2192 867 2224 Pizzoni
886 2193 975 2224 dicto
1001 2194 1163 2225 Verzutio
1180 2194 1221 2225 de
1244 2194 1359 2225 Lando
1383 2195 1497 2226 wooo
1519 2193 1579 2225 lib.
1604 2193 1802 2234 placentin„
1818 2202 1880 2234 pro
1904 2193 1978 2234 ejus
1995 2194 2130 2226 meritis
2149 2196 2183 2226 et
2204 2193 2334 2226 auxilio

728 2247 879 2286 praestito
897 2247 931 2277 in
955 2247 1152 2278 redimenda
1169 2247 1307 2279 civitate
1323 2247 1507 2279 Placentiae
1524 2247 1565 2279 de
1583 2247 1742 2279 manibus
1756 2247 1903 2280 Galeatii
1919 2247 2152 2285 Vicecomitis,
2169 2247 2211 2280 R.
2229 2248 2268 2280 E.
2284 2256 2334 2280 re·
2399 2260 2401 2263 ¹
2477 2243 2485 2271 *2

727 2300 842 2331 bellis.
862 2301 958 2339 (Arm.
981 2300 1052 2338 XV,
1072 2311 1162 2341 capsa
1188 2300 1255 2338 VII,
1274 2310 1307 2332 n.
1326 2303 1376 2339 35,
1395 2310 1428 2341 p.
1448 2302 1533 2340 115.)

371 2352 408 2379 17
419 2352 486 2387 jun.
508 2352 597 2381 1323.
775 2351 911 2383 18195.
930 2371 967 2377 -—
984 2354 1196 2386 Reformatio
1212 2355 1349 2386 consilii
1364 2354 1556 2386 communis
1573 2354 1736 2386 Bononiae
1754 2354 1795 2386 de
1810 2354 2023 2394 procedendo
2038 2355 2153 2386 contra
2170 2363 2334 2395 sequaces

731 2407 896 2439 Gnidonis
915 2407 954 2439 de
969 2407 1114 2439 Polenta
1129 2409 1162 2439 et
1178 2407 1325 2440 rebelles
1341 2408 1488 2448 hostagii
1504 2410 1537 2440 et
1554 2408 1703 2440 civitatis
1717 2408 1900 2440 Ravennae.
1921 2409 1972 2446 (A.
1990 2408 2031 2439 A.
2052 2407 2216 2446 lustrum.)

370 2460 406 2487 21
421 2460 488 2494 jun.
509 2460 598 2489 1323.
776 2458 913 2490 18196.
929 2479 967 2483 -
983 2462 1158 2494 Sententia
1181 2461 1345 2493 Barnabae
1370 2462 1496 2502 prioris
1512 2461 1735 2502 provincialis
1756 2462 1790 2493 et
1807 2461 1924 2493 fratris
1942 2461 2087 2493 Honesti
2102 2462 2144 2493 de
2159 2461 2276 2502 Papia,
2293 2462 2334 2494 Ο.

729 2514 767 2545 F.
786 2514 838 2551 Ρ.,
850 2514 1068 2554 inquisitoris
1086 2514 1311 2553 Lombarffiae,
1330 2516 1446 2547 contra
1459 2515 1625 2555 quosdam
1641 2515 1852 2547 Alemannos
1866 2514 1925 2555 qui
1937 2514 2096 2546 favebant
2111 2514 2194 2546 filiis
2207 2514 2333 2555 quond.

730 2566 863 2598 Mathaei
881 2567 921 2598 de
937 2568 1402 2610 vicecomitibus-haereticis.
1422 2569 1473 2607 (A.
1493 2569 1531 2600 A.
1549 2568 1712 2608 lustrum.)

763 2688 786 2712 1.
803 2687 836 2712 In
855 2687 993 2726 Archivio
1009 2688 1151 2713 Vaticano
1165 2689 1362 2714 tautummodo
1377 2690 1563 2720 reperiuntur
1576 2689 1770 2714 instrumenta
1785 2689 1891 2721 quibus
1910 2688 2089 2721 praeponitur
2100 2688 2199 2714 littera
2212 2688 2245 2714 V.
