2592 3528
393 399 451 430 166
627 397 882 430 APPENDICES
904 398 961 429 AD
985 398 1153 431 SEXTUM
1175 399 1370 432 BULLARII
1391 399 1566 431 JOANNIS
1588 398 1679 430 XXII
1701 397 1860 430 ANNUM.
1883 417 1921 424 -
1945 400 2183 440 (ww-1884)

413 1662 516 1689 Datum
538 1659 722 1691 Avenione.

413 1710 431 1738 5
445 1711 536 1746 (non.)
551 1714 620 1746 sept.
636 1710 724 1740 1321.

488 1755 570 1783 Anno
590 1756 646 1783 V1⁰.

531 1870 565 1898 Ut
586 1878 609 1898 s.

443 1981 546 2008 Datum
561 1976 693 2011 Ilerdae.

449 2028 490 2056 26
507 2033 576 2064 sept.
594 2029 682 2057 1321.

462 2073 506 2109 (vi
521 2074 581 2102 kal.
596 2075 668 2111 oct.)

413 2454 433 2482 2
452 2458 480 2483 et
499 2455 536 2483 21
554 2459 607 2483 oct.
626 2456 713 2484 1321.

496 2499 556 2527 lnd.
576 2501 635 2533 lv·,

396 2545 526 2578 tempore
545 2545 732 2579 pontificatus

409 2587 525 2616 Joannis
541 2589 624 2625 Papae
637 2590 720 2618 XXII.

945 889 1406 944 APPENDICES
1452 890 1548 943 AD
1597 887 1894 944 SEXTUM
1942 889 2287 945 BULLARII

1212 1035 1524 1091 JOANNIS
1568 1035 1722 1090 XXII
1767 1035 2028 1091 ANNUM

1597 1342 1630 1394 I

902 1454 1136 1487 Instrumenta
1155 1452 1372 1487 miscellanea
1395 1454 1560 1487 Vaticana
1574 1463 1650 1498 quae
1665 1455 1701 1487 in
1719 1453 1862 1499 capsula
1881 1453 1965 1488 anm·
1982 1452 2073 1490 1321
2091 1453 2326 1489 inveniuntur.

859 1652 994 1684 16170.
1011 1672 1050 1678 -
1070 1655 1199 1686 Littera
1211 1655 1354 1686 Joannis
1374 1655 1468 1694 Papa
1482 1654 1581 1686 XXII
1606 1655 1647 1686 de
1670 1663 1790 1686 securo
1807 1655 1974 1687 conductu
1989 1664 2050 1696 pro
2073 1655 2235 1687 Alter-tino
2249 1656 2287 1688 de
2302 1655 2416 1688 Medio-

812 1708 893 1746 lano,
911 1717 1049 1739 cursore
1065 1708 1186 1748 ipsius.
1204 1725 1242 1731 —
1259 1708 1356 1738 Dorso
1380 1708 1492 1748 leqitur
1508 1717 1516 1738 t
1532 1717 1550 1739 ε(
1571 1708 1766 1740 Renovetur
1781 1716 1843 1748 pro
1859 1708 2034 1741 Bernardo
2049 1709 2090 1741 de
2107 1709 2254 1742 Sernaco
2268 1711 2302 1742 et
2318 1709 2357 1741 P.
2373 1709 2416 1742 de

811 1762 1003 1793 Follisardo
1020 1761 1217 1792 cursoribus
1233 1761 1292 1801 qui
1309 1761 1491 1793 mittuntur
1507 1770 1568 1801 pro
1584 1761 1710 1801 palma.
1727 1762 1955 1793 Camerarius.
1977 1770 1995 1792 »
2011 1761 2071 1803 (De
2089 1762 2188 1800 curia,
2207 1763 2287 1804 oriq.
2301 1772 2391 1804 per-9.
2403 1771 2414 1800 ;

810 1824 843 1846 n.
861 1816 926 1854 38.)

857 1866 993 1898 16171.
1013 1885 1051 1891 -
1070 1868 1198 1900 Littera
1213 1868 1355 1899 Joannis
1370 1868 1470 1908 Papae
1484 1868 1586 1900 XXII
1601 1868 1642 1899 de
1655 1876 1774 1899 securo
1790 1868 1956 1900 conductu
1973 1877 2035 1909 pro
2051 1868 2144 1899 Petro
2158 1868 2239 1900 dicto
2255 1867 2414 1911 Capellam

810 1921 847 1952 de
862 1922 949 1958 Asta,
966 1930 1103 1953 cursore
1119 1930 1193 1953 suo.
1211 1921 1270 1962 (De
1286 1922 1393 1959 curia;
1414 1922 1494 1961 oriq.
1509 1930 1618 1962 per9.;
1634 1930 1666 1952 n.
1684 1921 1752 1962 39.)

857 1972 992 2005 16172.
1011 1991 1048 1997 —
1064 1975 1223 2006 Clemens
1241 1974 1334 2014 Papa
1349 1975 1391 2012 V,
1408 1975 1526 2006 ordine
1544 1975 1817 2014 Templariorum
1833 1976 1979 2012 cassato,
1998 1977 2185 2015 proventus
2204 1986 2227 2007 u
2246 1984 2414 2008 annorum

810 2029 1035 2068 quarumdam
1056 2028 1149 2065 eccl„
1177 2028 1219 2059 ad
1235 2028 1364 2059 dictum
1389 2028 1461 2059 ord.
1483 2028 1622 2068 pertin„
1639 2028 1719 2060 licet
1736 2037 1793 2059 eas
1817 2028 1965 2059 diversis
1988 2036 2080 2068 pers.
2107 2029 2328 2066 concesserit,
2345 2028 2413 2060 sibi

809 2082 1008 2113 reservavit.
1029 2082 1114 2113 Cum
1131 2083 1243 2113 autem
1271 2081 1311 2113 de
1335 2081 1531 2121 hujusmodi
1546 2081 1767 2121 proventibus
1792 2090 1860 2113 non
1878 2082 1969 2113 esset
1985 2081 2054 2113 nisi
2075 2090 2137 2122 pro
2151 2090 2220 2113 uno
2234 2082 2414 2114 dumtaxat

809 2144 896 2167 anno
914 2134 1140 2172 satisfactum,
1160 2135 1309 2166 Joannes
1333 2135 1427 2174 Papa
1441 2135 1542 2166 XXII
1557 2134 1621 2166 sub
1638 2135 1692 2166 die
1715 2144 1747 2166 vi
1766 2135 1813 2166 id.
1837 2135 1907 2167 dec.
1927 2139 1961 2166 a⁰
1980 2139 2015 2166 v·
2035 2135 2209 2167 mandavit
2227 2135 2412 2168 Guillelmo

808 2197 885 2228 ep.o
898 2188 1043 2219 Ilerden.
1060 2189 1097 2219 ut
1119 2189 1305 2228 proventus
1322 2188 1464 2219 alterius
1488 2188 1568 2219 anni
1593 2189 1722 2228 peteret
1749 2190 1782 2220 et
1800 2189 1962 2229 exigeret,
1981 2197 2100 2220 verum
2122 2188 2227 2220 frater
2245 2188 2413 2221 Mathaeus

808 2242 848 2273 de
868 2242 1068 2279 Passemnt,
1089 2241 1160 2273 ord.
1180 2241 1362 2281 hospitalis
1379 2250 1406 2272 s.
1421 2242 1566 2273 Joannis
1580 2241 1861 2279 Jerosolimitan.,
1878 2243 2066 2282 praeceptor
2082 2241 2164 2274 eccl.
2179 2242 2221 2274 de
2240 2241 2411 2281 comitiis,

808 2295 924 2335 (unius
942 2304 983 2326 ex
1000 2295 1081 2326 eccl.
1097 2294 1306 2334 reservatis),
1325 2294 1520 2335 hujusmodi
1541 2296 1726 2334 proventus
1745 2295 1877 2327 solvere
1891 2295 2074 2335 denegans,
2089 2295 2131 2326 ad
2147 2295 2182 2328 S.
2199 2295 2243 2326 A.
2260 2294 2408 2336 appella·

807 2350 876 2385 vit;
895 2356 999 2388 quare
1016 2348 1127 2380 dictus
1143 2357 1241 2388 epus
1257 2348 1376 2379 scribit
1392 2348 1517 2380 Joanni
1531 2349 1631 2388 Papae
1646 2348 1746 2380 XXII
1765 2350 1802 2380 ut
1817 2348 1885 2380 sibi
1906 2347 2061 2389 injungat
2080 2348 2163 2388 quid
2177 2347 2290 2380 faciat.
2307 2347 2409 2389 (Or-1⁸9.

805 2411 893 2442 perq.
913 2411 980 2432 cum
992 2402 1069 2432 villa
1080 2402 1223 2442 canapis-3
1243 2410 1276 2432 n.
1293 2401 1362 2440 40.)

854 2452 990 2484 16173.
1006 2473 1045 2477 -
1057 2455 1120 2486 Die
1137 2455 1272 2486 veneris
1297 2460 1336 2485 11³
1349 2455 1479 2486 mensis
1502 2454 1649 2486 octobris
1663 2454 1774 2486 Guido
1791 2454 1943 2495 Philippi
1956 2454 1997 2486 de
2013 2454 2160 2492 Pasauo,
2173 2454 2263 2494 Juris
2279 2454 2408 2493 doctor,

805 2507 955 2539 vicarius
977 2509 1011 2539 et
1035 2509 1235 2547 procurator
1260 2508 1404 2539 ,Ioannis
1428 2508 1496 2548 ep.i
1526 2507 1701 2544 Nucerin.,
1726 2507 1882 2539 exhibuit
1902 2507 2081 2547 Raynaldo
2109 2507 2151 2538 de
2173 2515 2201 2539 S.
2219 2507 2408 2545 Arthemia‚

806 2561 930 2593 rectori
955 2561 1098 2592 ducatus
1111 2561 1298 2600 spoletani,
1317 2561 1500 2601 quamdam
1523 2561 1589 2592 litt.
1605 2561 1748 2592 Joannis
1762 2561 1862 2601 Papae
1875 2561 1989 2598 XXII,
2004 2560 2070 2592 eid.
2092 2560 2218 2593 rectori
2233 2570 2266 2591 vr
2282 2561 2328 2592 id.
2341 2560 2406 2601 jul.

806 2618 840 2646 a⁰
858 2618 892 2646 v⁰
909 2614 1085 2649 directam,
1108 2615 1146 2645 ut
1163 2623 1183 2644 a
1208 2613 1296 2645 dicto
1317 2622 1393 2654 ep.o
1419 2614 1584 2654 reciperet
1606 2613 1842 2654 probationem
1868 2613 2015 2653 depositi
2029 2613 2206 2654 cujusdam
2227 2613 2337 2653 partis
2353 2613 2408 2646 de-

806 2668 902 2700 cimae
919 2667 1116 2699 sexennalis
1141 2667 1176 2698 in
1191 2667 1238 2698 di.
1252 2667 1414 2698 Nucerin.
1439 2667 1600 2704 collectae,
1618 2668 1651 2698 et
1669 2667 1703 2698 in
1720 2667 1879 2698 sacristia
1895 2666 1927 2698 b.
1944 2667 2119 2698 Francisci
2133 2667 2175 2699 de
2191 2666 2328 2699 Assisio
2341 2666 2408 2699 col-

805 2721 923 2752 locatae
933 2730 943 2758 ;
963 2720 1003 2751 de
1020 2728 1088 2760 qua
1109 2722 1229 2760 postea
1245 2720 1374 2751 Mutius
1398 2720 1572 2751 Francisci
1597 2721 1630 2752 et
1646 2719 1707 2751 alii
1725 2719 1817 2751 cives
1841 2719 1949 2760 ejusd.
1969 2720 2062 2751 civit.
2086 2720 2201 2752 omnia
2216 2719 2305 2752 bona
2321 2728 2408 2752 ausu

806 2774 972 2814 sacrilego
986 2774 1214 2813 asportarunt.
1233 2791 1271 2796 —
1289 2772 1454 2804 Exhibuit
1466 2773 1607 2813 insuper
1626 2773 1699 2805 ead.
1717 2773 1771 2804 die
1784 2773 2050 2805 instrumentum
2066 2782 2136 2805 suae
2155 2773 2408 2813 procurationis

805 2827 869 2859 sub
885 2828 964 2858 data
980 2827 1035 2858 die
1052 2837 1075 2858 11
1095 2835 1166 2866 apr.
1185 2835 1215 2858 a.
1234 2827 1323 2858 ¹321.
1336 2827 1400 2858 Die
1418 2828 1531 2858 autem
1547 2827 1708 2858 mercurii
1727 2827 1825 2858 XXI·
1840 2826 1970 2858 mensis
1987 2826 2136 2858 octobris
2158 2826 2320 2866 praefatus
2331 2834 2408 2866 pro-

806 2882 942 2912 curator
969 2880 1147 2920 proposuit
1163 2880 1328 2919 quosdam
1352 2879 1515 2911 articulos
1532 2880 1573 2911 ad
1590 2880 1782 2920 depositum
1801 2881 1833 2911 et
1854 2880 2095 2920 spoliationem
2114 2879 2310 2920 hujusmodi
2329 2887 2406 2919 pro-

804 2934 927 2965 banda.
941 2932 1104 2965 Exhibuit
1119 2933 1223 2964 etiam
1238 2933 1312 2964 ead.
1329 2933 1384 2964 die
1402 2933 1500 2973 plura
1520 2933 1748 2965 instrumenta
1764 2933 1807 2964 ad
1824 2933 2005 2973 praedictos
2019 2932 2184 2965 articulos
2199 2932 2404 2972 probandos.

804 2988 889 3019 Acta
903 2987 972 3018 haec
997 2986 1112 3018 omnia
1133 2995 1247 3018 coram
1272 2986 1432 3026 praedicto
1458 2988 1599 3023 rectore,
1615 2995 1676 3026 pro
1700 2986 1865 3018 tribunali
1887 2986 2025 3018 sedente
2052 2985 2088 3017 in
2113 2985 2272 3017 domibus
2293 2985 2406 3025 plebis

805 3049 832 3071 s.
852 3040 1029 3072 Fortunati
1044 3040 1086 3071 de
1107 3039 1367 3077 Montefalcone,
1383 3039 1554 3080 Spoletan.
1573 3040 1619 3070 di.
1638 3039 1738 3080 (Θήρ.
1755 3049 1841 3080 per-9.
1859 3038 1954 3080 lonq„
1972 3038 2026 3070 III
2037 3038 2302 3070 membranissutis
2319 3048 2405 3070 eons-

804 3099 884 3131 tans,
902 3102 1033 3134 quarum
1044 3092 1164 3130 ultima,
1180 3102 1245 3133 quae
1265 3092 1462 3133 probationes
1481 3092 1665 3131 continebat,
1677 3092 1786 3124 mutila
1798 3092 1900 3124 existit
1912 3102 1922 3130 ;
1940 3101 1974 3124 n.
1986 3091 2053 3132 4¹.)
