2592 3528
281 383 385 410 Datum
410 376 594 411 Avem'one.

321 483 361 512 28
375 483 444 511 maii
460 481 550 511 1323.

335 527 366 564 (v
381 526 440 555 kal.
454 525 532 563 jun.)

385 571 416 599 T.
434 570 489 598 XL.

295 669 297 672 ,
318 642 359 670 29
374 642 442 670 mati
458 640 548 670 4323.

329 687 372 722 (1v
391 684 451 713 kal.
463 684 538 721 jun.)

341 730 372 758 T.
389 729 436 764 XI,
454 729 526 757 XIII.

316 1279 356 1306 30
371 1279 439 1306 maii
457 1278 547 1308 4323.

325 1323 372 1360 (111
391 1324 450 1351 kal.
468 1321 545 1360 jun.)

395 1368 425 1395 T.
443 1368 473 1396 C.

390 1969 427 1998 Ut
446 1978 472 1998 s.

351 2015 383 2044 T.
405 2015 437 2048 X,
456 2015 516 2042 XII.

390 2183 427 2212 Ut
446 2192 470 2212 s.

339 2228 371 2256 T.
388 2229 436 2262 XI,
451 2228 523 2256 XIII.

390 2450 427 2478 Ut
446 2458 470 2478 s.

351 2494 382 2523 T.
398 2494 433 2530 X,
452 2494 511 2522 XII.

396 2664 434 2692 Ut
450 2671 475 2692 s.

305 2707 336 2735 T.
353 2707 435 2743 XXX,
450 2707 556 2735 XXXII.

395 2875 432 2904 Ut
452 2884 475 2903 s.

353 2920 384 2948 T.
401 2920 434 2955 Χ,
454 2920 513 2948 xn.

647 291 821 324 JOANNIS
844 291 963 322 PAPAE
985 291 1086 322 XXII.
1111 292 1360 332 (1316-1334).
1383 311 1422 316 -—
1443 293 1629 326 LITTERAE
1652 295 1875 328 COMMUNES
2209 302 2268 334 285

724 476 859 509 17484.
880 497 918 502 -
929 479 1113 520 Archiep.us
1128 479 1298 518 Arelatem,
1315 484 1344 511 et
1358 481 1498 522 Paphen.
1511 492 1546 512 ac
1561 482 1778 524 Famayustan.
1794 487 1858 526 ep.i
1872 486 1993 519 dantur
2007 490 2042 520 ut
2053 476 2185 530 judices
2196 500 2270 524 con-

680 534 871 564 servatores
885 532 995 564 eidem
1023 533 1136 568 Petro,
1155 533 1424 565 administratori
1449 535 1529 566 eccl.
1547 535 1749 573 Nimocien.²
1782 539 1822 569 ad
1842 540 2121 580 quinquennium.
2150 544 2204 584 (A.
2221 547 2269 582 18,

680 585 702 617 f.
736 587 840 622 326⁸,
861 585 897 616 V.
920 587 973 624 75,
996 594 1048 626 ep.
1068 586 1173 626 1788.)

726 635 861 667 17485.
886 655 924 662 —
946 638 1091 670 Collatio
1122 638 1298 679 cujusdam
1326 647 1421 679 perp.
1439 639 1550 671 benef.
1575 641 1762 674 ecclesiast.
1782 644 1872 683 quod
1897 645 2050 678 redditus
2079 648 2120 680 de
2138 649 2272 683 abbatia

678 691 908 732 Denpeyrenx
925 691 1111 732 vulgariter
1137 693 1363 732 nuncupatur,
1389 692 1603 724 Lomberien.
1631 694 1691 732 di„
1714 703 1774 734 per
1798 697 2045 736 promotionem
2069 702 2207 742 Nogerii
2222 707 2264 737 ad

679 745 912 785 episcopatum
927 745 1076 777 Vauren.
1093 745 1183 785 apud
1200 745 1233 777 S.
1251 746 1292 777 A.
1309 754 1396 782 vac„
1414 746 1544 777 consid.
1563 747 1705 778 Arnaldi
1724 757 1752 778 s.
1772 748 1947 781 Eustachii
1961 751 2047 784 diac.
2066 755 2168 793 card„
2186 756 2269 788 Guil-

680 797 767 828 lelmo
782 797 819 829 de
834 797 955 839 Soyris,
975 807 1048 829 can.
1065 798 1214 838 praeben.
1226 798 1306 830 eccl.
1323 799 1364 830 de
1379 798 1576 831 Brianziaco
1592 801 1624 831 et
1639 800 1746 840 priori
1761 801 1932 841 prioratus
1946 804 1986 835 de
1999 805 2106 838 Podio
2121 809 2267 847 petroso,

677 851 909 891 Engolismen.
925 851 986 889 di„
1005 851 1046 882 de
1062 860 1128 891 quo
1141 851 1264 892 litigat.
1292 869 1332 874 —
1347 852 1374 883 Ι.
1392 861 1421 883 e.
1445 860 1490 884 m.
1508 861 1611 892 praep.
1631 853 1671 884 de
1694 854 1822 893 Insula,
1843 855 2046 889 Cavallicen.
2065 859 2124 896 di.,
2145 861 2178 892 et
2193 863 2270 894 Rai.

679 905 804 936 mundo
820 906 860 936 de
876 904 1116 941 Columberiis‚
1145 905 1413 943 Autisiodoren.‚
1431 914 1468 937 ac
1487 906 1636 938 Arnaldo
1660 906 1701 938 de
1731 907 1883 947 Petrilia,
1903 910 2071 944 Turonen.
2100 922 2172 945 can.
2191 917 2271 947 eccl.

679 958 732 997 (A.
750 959 797 994 19,
814 957 836 988 f.
853 959 908 989 161
926 957 960 994 ὓ,
985 957 1018 989 V.
1038 959 1087 995 75,
1104 966 1158 998 ep.
1178 957 1281 997 1076.)

725 1007 859 1039 17486-
880 1029 917 1033 -
934 1010 1111 1042 Prioratus
1127 1011 1168 1042 de
1194 1011 1380 1043 Lamonzia
1393 1019 1498 1051 prope
1514 1012 1766 1052 Brageriacum,
1783 1014 1823 1046 Ο.
1842 1014 1875 1046 S.
1900 1016 1953 1053 B.,
1969 1016 2133 1051 Sarlaten.
2151 1021 2210 1059 di„
2228 1023 2269 1054 ad

678 1062 863 1093 abbatissam
877 1068 906 1093 et
920 1073 1006 1094 conv.
1022 1068 1150 1094 monast.
1164 1063 1202 1094 B.
1218 1063 1260 1095 M.
1275 1063 1478 1101 Xanctonen.,
1497 1063 1531 1094 O.
1543 1064 1579 1096 S.
1598 1065 1649 1102 B„
1664 1067 1780 1106 spect.‚
1796 1075 1855 1106 per
1871 1077 1895 1098 11
1915 1068 2021 1108 ejusd.
2038 1074 2184 1105 monast.
2199 1083 2271 1107 mo-

678 1116 788 1148 niales
805 1116 884 1156 gub.
901 1117 1024 1148 solitus
1040 1117 1073 1148 et
1086 1125 1156 1148 vac.
1173 1125 1233 1156 per
1252 1116 1333 1148 obit.
1348 1126 1400 1157 ap.
1419 1118 1452 1150 S.
1470 1117 1511 1149 A.
1529 1118 1675 1158 Begonis
1684 1118 1725 1150 de
1740 1119 1958 1161 Cavomonte,
1976 1123 2092 1155 unitur
2114 1126 2180 1157 eid.
2199 1136 2271 1160 mo-

679 1170 780 1204 nast„
798 1170 981 1201 dummodo
997 1169 1094 1201 dictae
1113 1179 1136 1199 11
1152 1170 1319 1202 moniales
1348 1170 1384 1201 in
1399 1170 1488 1202 dicto
1512 1171 1665 1210 prioratu
1691 1180 1758 1203 non
1782 1173 1963 1206 resideant.
1979 1175 2030 1216 (A.
2053 1178 2101 1216 19,
2124 1178 2146 1209 f.
2162 1181 2223 1212 440
2241 1181 2272 1220 ¹³3

683 1222 720 1254 V.
744 1224 794 1260 75,
813 1231 864 1262 ep.
884 1223 987 1262 1618.)

724 1272 858 1305 17487.
881 1294 915 1299 -
937 1275 1122 1307 Gundisalvo
1136 1285 1205 1317 ep.o
1224 1275 1405 1308 Ulioebonen.
1425 1276 1536 1308 mand.
1555 1278 1592 1308 ut
1614 1277 1767 1310 absolvat
1789 1279 1996 1320 Dionysium
2020 1291 2134 1323 regem
2153 1285 2270 1318 Portu-

678 1329 789 1369 galliae
808 1328 849 1360 ab
864 1338 994 1361 excom.
1012 1337 1073 1368 per
1091 1337 1169 1360 eum
1191 1329 1328 1361 incursa
1343 1338 1386 1360 ex
1402 1338 1440 1361 eo
1458 1330 1548 1370 quod
1562 1331 1727 1362 Joannem
1749 1332 1876 1372 presb,
1893 1333 2048 1366 abbatem
2067 1339 2211 1369 monast.
2229 1340 2270 1372 de

678 1382 908 1420 Palumbario,
926 1382 965 1414 O.
979 1383 1013 1414 S.
1032 1382 1084 1419 B.,
1102 1382 1303 1414 Bracharen.
1320 1382 1380 1420 di„
1398 1384 1535 1422 propter
1560 1384 1689 1415 scelera
1715 1384 1921 1423 detestanda,
1941 1395 1978 1418 ac
2002 1390 2183 1422 nonnullos
2206 1393 2271 1424 cle-

678 1435 767 1466 ricos
782 1437 852 1467 tam
867 1435 1048 1476 religiosos
1063 1444 1165 1475 quam
1180 1436 1360 1467 saeculares
1377 1444 1479 1475 super
1491 1435 1697 1475 homicidiis,
1716 1439 1814 1478 raptu
1827 1439 2021 1479 mulierum,
2040 1442 2152 1481 furtis,
2170 1444 2268 1478 falsa-

677 1497 753 1520 rum
770 1488 962 1520 litterarum
984 1488 1276 1526 fabricationibus,
1294 1490 1327 1520 et
1344 1489 1422 1520 aliis
1438 1489 1634 1521 enormibus
1660 1490 1790 1522 delatos
1813 1492 1886 1532 capi
1905 1494 2077 1526 mandavit
2096 1498 2128 1528 et
2145 1500 2271 1531 carceri

677 1542 852 1581 perpetuo,
868 1541 903 1572 in
934 1550 1000 1581 quo
1018 1542 1156 1581 propter
1180 1541 1323 1573 nimiam
1353 1542 1501 1573 inediam
1523 1542 1618 1574 brevi
1646 1543 1811 1583 temporis
1840 1545 1949 1584 spatio
1967 1547 2071 1579 vitam
2099 1549 2269 1588 finierunt,

677 1594 906 1626 condemnari.
926 1594 978 1634 (A.
999 1597 1048 1632 19,
1070 1594 1094 1625 f.
1111 1597 1151 1626 49
1173 1594 1204 1632 ¹³3
1227 1594 1263 1626 V.
1281 1597 1331 1630 74,
1347 1603 1399 1634 ep.
1416 1595 1501 1635 851.)

723 1644 858 1676 17488.
876 1666 914 1671 -
933 1647 1094 1688 Stephano
1115 1647 1223 1683 Dadae,
1243 1647 1444 1679 cancellario
1467 1648 1643 1680 Elisabeth
1662 1649 1786 1689 reginae
1803 1651 2005 1691 Portugaliae
2031 1655 2187 1694 supplic„
2206 1659 2270 1689 col-

677 1700 736 1732 lat.
755 1709 872 1731 canon.
890 1699 954 1731 sub
970 1709 1063 1740 exsp.
1083 1700 1186 1740 praeb.
1207 1700 1287 1731 eccl.
1306 1700 1554 1738 Columbrien.;
1577 1710 1644 1732 non
1665 1701 1752 1733 obst.
1775 1703 1811 1733 in
1828 1704 1945 1736 Visen.
1970 1714 2100 1742 canon,
2118 1709 2220 1748 praeh.
2239 1713 2272 1743 et

676 1754 838 1789 cantoria,
853 1754 889 1784 in
906 1753 995 1784 dicta
1007 1752 1237 1784 Columbrien.
1253 1753 1419 1793 portione,
1434 1754 1469 1784 in
1485 1763 1513 1785 S.
1529 1754 1622 1785 Petri
1635 1755 1675 1786 de
1686 1755 1826 1794 Obidos,
1844 1756 2048 1790 Ulixbonen.
2065 1760 2124 1798 di„
2139 1763 2271 1796 modico

676 1806 920 1847 praestimonio,
951 1807 983 1838 et
1000 1806 1036 1837 in
1062 1806 1268 1838 Ulixhonen.
1286 1806 1367 1838 eccl.
1384 1815 1503 1838 canon.
1522 1807 1585 1838 sub
1601 1816 1678 1847 exp.
1701 1808 1805 1847 praeb.
1822 1826 1861 1831 —
1876 1809 1901 1840 I.
1920 1819 1948 1841 e.
1968 1820 2014 1842 m.
2033 1820 2108 1852 ep.o
2132 1815 2271 1848 Ulixbo.

676 1869 766 1898 nen„
787 1862 819 1892 et
833 1859 959 1892 archid.
978 1860 1109 1896 Visen.,
1126 1868 1164 1891 ac
1192 1860 1339 1891 Martino
1365 1859 1511 1897 Mathaei,
1535 1869 1608 1892 can.
1634 1860 1839 1893 Ulixbonen.
1861 1863 1941 1895 eccl.
1972 1864 2022 1903 (A.
2043 1867 2092 1902 18,
2120 1867 2142 1898 f.
2167 1869 2226 1901 584
2240 1875 2253 1890 ³
2262 1879 2271 1907 3

684 1913 716 1945 V.
734 1916 784 1952 74,
803 1922 855 1953 ep.
869 1913 954 1952 924.)

723 1964 859 1997 17489.
878 1983 916 1989 -
930 1966 1045 1998 Joanm'
1058 1970 1132 1997 nato
1148 1966 1261 2007 quond.
1275 1966 1406 1997 Joanm's
1420 1966 1457 1997 de
1470 1966 1540 2004 Los,
1557 1966 1644 2005 mil„
1662 1976 1759 2007 prov.
1775 1976 1892 1999 canon.
1910 1970 1989 2001 eccl.
2009 1971 2193 2005 Tornacen.
2209 1974 2273 2006 sub

676 2029 772 2060 exsp.
789 2019 906 2060 praeb,
923 2020 1051 2051 consid.
1071 2019 1186 2052 Caroli
1201 2019 1292 2060 regis
1315 2021 1348 2051 et
1366 2019 1482 2051 Mariae
1498 2019 1622 2060 reginae
1637 2020 1799 2051 Franciae.
1822 2038 1859 2043 —
1877 2022 1905 2053 Ι.
1923 2031 1951 2054 e.
1973 2032 2018 2054 m.
2038 2033 2064 2055 s.
2082 2025 2214 2058 Nicolai
2231 2028 2271 2059 de

675 2074 788 2105 Pratis
803 2073 902 2113 juxta
919 2073 1122 2110 Tornacum,
1142 2074 1174 2104 et
1189 2072 1380 2110 Viconien.‚
1412 2073 1605 2105 Atrebaten.
1628 2073 1688 2111 di.‚
1718 2076 1861 2106 monast.
1891 2075 1978 2114 abb,
2000 2085 2037 2108 ac
2065 2078 2215 2111 Oliverio
2231 2081 2271 2112 de

676 2127 829 2162 Cerzeto‚
846 2135 919 2157 can.
937 2126 1094 2163 AEduen.,
1111 2126 1212 2166 Papae
1229 2134 1299 2166 cap.
1319 2126 1371 2165 (A.
1391 2127 1438 2163 18,
1456 2125 1477 2157 f.
1491 2126 1550 2158 586
1568 2125 1600 2162 ¹’3
1623 2125 1657 2158 V.
1674 2127 1723 2163 74,
1744 2135 1795 2167 ep.
1815 2129 1903 2167 964.)

722 2177 859 2210 17490.
877 2197 916 2203 -
933 2178 1069 2211 Gerardo
1086 2179 1123 2210 de
1139 2179 1296 2210 Brancons
1315 2188 1411 2220 prov.
1430 2188 1546 2211 canon.
1565 2179 1644 2211 eccl.
1665 2188 1692 2210 s.
1718 2180 1862 2220 Folyani
1888 2181 1928 2212 de
1957 2182 2085 2221 Fossis,
2111 2185 2270 2217 Leodien.

676 2234 736 2272 di„
754 2233 818 2265 sub
838 2242 934 2273 exsp.
952 2232 1070 2273 praeb„
1091 2233 1222 2265 consid.
1240 2233 1354 2264 Caroli
1374 2233 1465 2273 regis
1495 2234 1528 2264 et
1553 2233 1668 2264 Mariae
1685 2233 1809 2273 reginae
1826 2234 1991 2271 Franciae;
2011 2244 2077 2267 non
2103 2236 2189 2269 obst.
2216 2247 2272 2278 pa-

675 2287 766 2319 roch.
790 2286 871 2318 eccl.
891 2286 931 2318 de
958 2286 1117 2327 Ugheles‚
1143 2286 1240 2318 dictae
1267 2286 1313 2317 di.
1332 2304 1370 2309 ——
1392 2286 1418 2317 Ι.
1443 2295 1472 2318 e.
1500 2294 1545 2317 m.
1571 2285 1648 2317 abb.
1662 2288 1818 2329 monast.
1843 2287 2038 2325 Malonien.,
2064 2291 2096 2321 et
2120 2290 2269 2323 thesaur.

675 2349 703 2372 s.
721 2340 848 2372 Albani
861 2340 1079 2378 Namurcen.,
1091 2340 1252 2372 Leodien.
1269 2339 1328 2377 di„
1347 2348 1385 2371 ac
1401 2339 1550 2372 Oliverio
1566 2340 1607 2370 de
1630 2339 1780 2378 ceneto,
1801 2348 1874 2371 can.
1893 2341 2035 2372 AEduen.
2055 2343 2133 2374 eccl.
2150 2343 2199 2382 (A.
2220 2346 2268 2382 18,

675 2394 698 2426 f.
713 2394 772 2426 587
794 2393 824 2430 b,
846 2392 880 2424 V.
895 2395 945 2431 74,
960 2402 1013 2433 ep.
1028 2393 1116 2433 965.)

721 2443 858 2476 17491.
874 2464 914 2469 -
930 2445 1075 2478 Ernuldo
1090 2451 1164 2477 nato
1180 2446 1294 2488 quond.
1310 2446 1439 2478 Joannis
1454 2445 1491 2477 de
1516 2445 1574 2476 Los
1587 2445 1653 2476 mil.
1674 2454 1768 2486 prOV.
1795 2455 1913 2477 canon.
1931 2447 2011 2478 eccl.
2030 2449 2189 2480 Leodien.
2207 2450 2271 2482 sub

675 2510 771 2541 exsp.
787 2499 903 2540 praeb.,
922 2500 1051 2532 consid.
1066 2500 1190 2538 Caroli,
1209 2500 1311 2540 regis,
1323 2501 1355 2531 et
1371 2499 1498 2538 Mariae,
1511 2499 1635 2539 reginae
1650 2499 1814 2531 Franciae.
1829 2517 1867 2522 -
1881 2500 1908 2530 Ι.
1926 2509 1954 2531 e.
1972 2509 2016 2532 m.
2034 2501 2108 2532 abb.
2124 2504 2268 2536 monast.

675 2564 703 2587 s.
722 2553 852 2589 Jacobi,
871 2554 903 2585 et
922 2553 1047 2585 decano
1066 2562 1093 2585 s.
1123 2553 1223 2585 Pauli
1242 2554 1414 2591 Leodien.‚
1438 2561 1475 2584 ac
1503 2552 1653 2584 Oliverio
1673 2552 1713 2584 de
1741 2553 1893 2590 Cerzeto,
1922 2562 1994 2584 can.
2025 2555 2169 2586 AEduen.
2188 2557 2269 2588 eccl.

674 2608 728 2650 (A.
744 2608 794 2645 18,
812 2606 836 2638 f.
858 2607 918 2638 588
935 2612 966 2645 ³3
991 2607 1022 2638 V.
1041 2609 1091 2643 74,
1111 2616 1164 2647 ep.
1183 2609 1268 2646 966.)
1940 2646 1945 2649 Α

721 2658 857 2693 17492.
875 2678 915 2684 -
942 2661 1118 2693 Indultum
1144 2660 1305 2691 Elisabeth
1327 2660 1439 2700 reqinae
1471 2658 1661 2700 Por-cuqaliae
1685 2659 1722 2690 ut
1755 2660 1828 2690 octo
1848 2659 1928 2691 cler.
1957 2660 2067 2699 ipsius
2097 2661 2269 2702 obsequiis

674 2716 874 2748 insistentes
889 2715 1019 2747 fructus
1037 2714 1190 2746 omnium
1205 2713 1316 2746 benef.
1346 2721 1484 2745 suorum
1510 2712 1637 2753 absque
1657 2712 1841 2744 residentia
1863 2713 1997 2744 valeant
2012 2714 2184 2753 percipere
2216 2723 2268 2746 us·

675 2778 740 2810 que
767 2770 809 2801 ad
824 2768 1095 2810 quinquennium
1109 2776 1129 2799 a
1144 2767 1209 2798 fine
1225 2766 1450 2808 quinquennii
1466 2766 1531 2797 eid.
1551 2765 1676 2806 reginae
1694 2765 1776 2797 olim
1801 2765 1962 2797 concessi.
1978 2783 2017 2788 —
2032 2766 2059 2797 Ι.
2078 2775 2106 2798 e.
2129 2775 2174 2797 m.
2193 2776 2268 2806 ep.o

675 2823 808 2860 Visen.,
825 2824 858 2854 et
872 2822 1036 2860 thesaur„
1057 2830 1094 2853 ac
1109 2821 1238 2852 cantori
1260 2820 1340 2852 eccl.
1360 2819 1564 2852 Ulixbonen.
1585 2818 1635 2857 (A.
1656 2821 1704 2855 19,
1721 2818 1743 2849 f.
1762 2820 1819 2849 176
1837 2817 1850 2839 b
1860 2827 1870 2854 ;
1896 2817 1928 2849 V.
1945 2820 1993 2856 75,
2012 2827 2063 2858 ep.
2085 2819 2190 2858 1049.)

723 2873 858 2906 17493-
878 2893 916 2898 -
932 2875 1054 2908 Collat.
1082 2883 1202 2906 canon.
1221 2873 1284 2905 sub
1309 2882 1404 2913 exsp.
1427 2872 1530 2912 praeb.
1552 2872 1633 2903 eccl.
1656 2871 1833 2908 Ahenten.‚
1858 2871 2071 2902 Lemovicen.
2096 2871 2155 2908 di.,
2175 2872 2267 2903 Petro

677 2929 785 2968 Piclzo,
804 2929 928 2961 rectori
943 2928 1078 2969 paroch.
1100 2927 1180 2960 eccl.
1198 2927 1238 2959 de
1253 2926 1408 2959 Blaomio
1423 2925 1519 2957 dictae
1536 2924 1581 2955 di.
1601 2941 1639 2947 —
1654 2924 1680 2955 Ι.
1698 2932 1726 2955 e.
1743 2932 1787 2954 m.
1804 2931 1879 2962 ep.o
1896 2923 2081 2961 Vivarien.,
2097 2925 2129 2956 et
2143 2924 2267 2956 decano
