2592 3528
316 330 375 359 212

351 418 454 445 Datum
472 413 496 446 A
505 411 655 445 venione.

389 519 429 547 27
446 527 509 546 nov.
533 518 622 546 1322.

407 565 436 599 (v
451 563 509 591 kal.
526 563 601 596 dec.)

394 610 424 636 T.
447 608 542 641 xviii,
563 607 618 634 ΧΧ.

467 731 501 758 Ul
523 738 547 758 s.

435 776 466 803 T.
484 775 576 802 XXVI.

461 941 495 969 Ut
519 949 542 967 s.

432 986 462 1013 T.
481 985 572 1012 xxvi.

464 1048 499 1074 Ut
521 1056 543 1074 S.

444 1092 474 1119 T.
497 1091 551 1118 XX.

466 1418 499 1445 [t
520 1426 543 1445 s.

461 1633 495 1660 L'i
517 1641 540 1660 S.

439 1678 468 1705 T.
487 1677 557 1704 XVI.

462 1740 496 1767 [i
514 1748 535 1766 s.

439 1785 470 1812 T.
490 1784 561 1811 XVI.

457 1846 489 1873 Ut
519 1855 542 1873 s.

446 1891 476 1918 T.
496 1891 550 1918 XI..

385 2007 425 2034 28
444 2015 506 2034 nov.
526 2006 612 2034 1322.

391 2053 433 2084 (ιν
453 2051 511 2078 kal.
530 2052 604 2084 dec.)

408 2096 437 2123 T.
456 2096 502 2130 XI,
519 2096 590 2123 XIII.

460 2328 496 2355 Ut
513 2336 536 2355 s.

406 2371 436 2399 T.
453 2372 498 2406 XI,
518 2372 589 2399 XIII.

460 2539 496 2567 Ut
511 2548 535 2567 s.

407 2583 438 2611 T.
456 2584 501 2617 XI,
515 2584 586 2612 XIII.

460 2753 495 2781 Ut
516 2762 539 2780 s.

405 2796 434 2824 T.
453 2798 498 2831 xl,
519 2798 589 2825 XIII.

459 2966 495 2994 Ut
515 2975 538 2994 s.

404 3009 434 3036 T.
452 3010 497 3044 xi,
514 3011 584 3038 XIII.

715 324 889 356 JOANNIS
912 324 1030 356 PAPAE
1052 324 1154 355 XXII.
1179 324 1418 366 (1816-1834)
1439 341 1478 347 -—
1500 323 1687 354 LITTERAE
1710 321 1936 354 COMMUNES

787 513 922 546 16658.
951 533 990 538 -
1013 515 1142 546 Falconi
1162 514 1199 545 de
1216 514 1369 551 chariaco,
1389 513 1514 544 archid.
1535 513 1576 544 de
1595 513 1738 544 Sanceto
1756 512 1790 543 in
1806 512 1888 544 eccl.
1904 513 2103 551 Bituricen..
2121 514 2285 556 Indulget.
2301 516 2340 547 ut

741 570 782 601 ad
799 569 973 600 biennium
988 569 1076 609 juris
1093 568 1205 599 civilis
1221 567 1333 598 studio
1354 567 1512 598 insistere
1529 565 1651 603 valeat,
1667 567 1701 597 et
1716 565 1847 597 fructus
1863 565 2043 598 archidiac.
2065 569 2118 599 sui
2134 567 2170 599 in
2186 567 2342 601 absentia

742 623 876 654 interim
894 622 1076 662 percipere.
1093 638 1130 645 —-
1145 621 1171 652 1.
1191 629 1219 652 e.
1235 629 1280 651 m.
1297 620 1434 654 decano,
1451 620 1484 649 et
1497 618 1596 650 Petro
1611 618 1652 649 de
1665 618 1856 655 Queusaco.
1873 619 2104 658 Aurelianen„
2117 629 2156 652 ac
2171 621 2341 654 Ademaro

742 675 891 712 Roberti,
912 675 1080 706 Turonen.
1098 674 1178 705 eccl.
1193 682 1264 704 can.
1284 673 1335 712 (A.
1357 673 1405 709 18,
1425 671 1446 702 f.
1464 673 1522 702 175
1537 676 1568 709 ’ς
1588 671 1624 703 V.
1640 673 1691 708 74,
1707 679 1760 711 ep.
1782 671 1870 712 30³.)

787 725 920 758 18659.
941 745 978 750 -
993 726 1033 759 N.
1050 737 1088 757 m.
1102 726 1227 756 Joannae
1243 725 1400 756 comitissae
1413 723 1607 755 Bellimontis
1623 724 1786 764 indulget.
1798 726 1836 756 ut
1846 725 2077 758 confessorem
2089 726 2215 767 eligere
2229 727 2339 760 valeat

741 782 796 822 qui
818 781 878 812 hac
893 781 964 811 vice
989 781 1164 810 dumtaxat
1178 779 1219 810 ab
1240 787 1370 809 excom.
1395 778 1563 809 sententia
1580 786 1641 818 per
1654 777 1871 818 injectionem
1893 787 2056 811 manuum
2073 779 2109 811 in
2122 780 2203 812 cler.
2223 780 2340 813 forsan

741 835 877 866 incursa
888 833 1076 870 absolvere,
1092 834 1125 863 et
1140 840 1213 863 cum
1228 839 1313 871 opus
1327 831 1429 862 suerit
1445 830 1476 862 ei
1491 832 1703 862 sacramenta
1713 831 1909 864 ministrare
1923 832 2045 872 possit.
2059 833 2113 874 (A.
2131 834 2181 872 18,
2197 833 2222 865 t'.
2233 834 2292 866 2¹5
2307 833 2342 872 ὓς

746 888 780 919 V.
803 889 850 924 74,
869 896 920 926 ep.
940 887 1023 924 330.)

786 937 921 969 16660.
948 957 986 962 -
1007 939 1047 969 Ν.
1065 948 1092 969 v.
1118 937 1247 968 lieberto
1265 936 1302 968 de
1317 937 1480 975 Atrebate,
1507 936 1623 969 comiti
1644 937 1873 976 Bellimontis‚
1894 937 2059 979 indulget.
2080 939 2184 971 idem.
2211 941 2264 979 (A.
2290 941 2341 978 18,

740 994 761 1024 f.
779 995 838 1024 216
853 998 884 1028 1¹3
911 992 942 1023 V.
961 993 1010 1028 74,
1029 1000 1082 1031 ep.
1098 990 1184 1030 331.)

785 1043 919 1074 16661.
940 1063 977 1068 -
1000 1043 1122 1080 Carolo,
1141 1043 1217 1084 reqi,
1230 1048 1259 1074 et
1275 1043 1394 1079 Mariae,
1412 1043 1526 1084 reqinae
1541 1043 1579 1074 F.
1594 1048 1623 1074 et
1635 1043 1689 1082 Ν.,
1704 1043 1870 1085 Indulget.
1888 1045 1929 1076 ad
1942 1045 2128 1077 triennium
2142 1047 2180 1078 ut
2196 1045 2345 1087 quilibet

739 1098 912 1130 consessor
926 1107 1042 1129 eorum
1060 1097 1218 1128 omnibus
1234 1098 1266 1128 et
1282 1097 1429 1137 singulis
1447 1097 1522 1128 suis
1544 1097 1651 1128 famil.
1669 1097 1868 1129 domesticis
1889 1098 2000 1138 possit
2019 1099 2208 1131 ecclesiast.
2226 1107 2341 1132 sacra-

739 1154 852 1183 menta
869 1151 1076 1182 ministrare.
1099 1150 1151 1188 (A.
1174 1151 1222 1188 18,
1242 1150 1263 1181 f.
1279 1151 1338 1182 216
1352 1156 1387 1188 ει;
1413 1150 1445 1181 V.
1459 1152 1510 1188 74,
1524 1159 1577 1190 ep.
1595 1152 1673 1187 3323
1689 1150 1820 1189 Tardis,
1836 1150 2059 1192 Privileqes...‚
2075 1161 2109 1193 p.
2128 1154 2214 1192 172.)

785 1202 919 1234 16662.
937 1222 971 1227 -
994 1204 1082 1235 Unio.
1099 1203 1266 1244 archiepis
1282 1213 1445 1245 eorumque
1459 1204 1668 1245 suffrayaneis
1677 1214 1738 1245 per·
1755 1214 1851 1245 reqna
1874 1204 2016 1236 Francia!
2031 1210 2059 1236 ec
2080 1204 2232 1237 Navarra
2253 1215 2342 1238 com·

739 1259 838 1289 titulis
856 1259 1006 1298 potestas
1023 1266 1114 1289 conc.
1131 1257 1332 1289 absolvendi
1348 1266 1466 1289 omnes
1481 1257 1561 1289 illos
1577 1266 1663 1298 quos
1677 1266 1738 1298 pro
1753 1258 1981 1291 retardatione
1992 1259 2176 1291 solutionis
2189 1259 2340 1299 decimae,

739 1312 859 1344 Carolo
879 1312 921 1343 R.
946 1312 984 1342 F.
1010 1312 1041 1342 et
1062 1311 1106 1342 N.
1134 1319 1195 1350 per
1217 1310 1394 1342 biennium
1419 1319 1601 1349 concessae,
1624 1319 1755 1343 excom.
1775 1311 1830 1343 vel
1851 1311 2024 1344 interdicti
2049 1313 2230 1345 sententiis
2246 1313 2343 1346 inno·

738 1366 871 1397 darunt.
887 1365 940 1405 (A.
962 1366 1009 1402 18,
1029 1364 1052 1395 f.
1068 1366 1127 1396 216
1139 1370 1172 1400 ⁸5
1195 1364 1228 1395 V.
1244 1366 1294 1401 74,
1308 1373 1360 1404 ep.
1380 1365 1467 1404 333.)

785 1416 917 1448 16663.
940 1436 979 1441 -—
994 1418 1082 1459 Ep.o
1097 1417 1280 1448 Ambianen.
1306 1418 1420 1449 mand.
1444 1420 1481 1449 ut
1503 1426 1536 1449 n.
1555 1428 1586 1449 v.
1607 1417 1786 1459 Lemaigre
1809 1418 1899 1450 dicto
1919 1419 2108 1460 Lemaigre,
2127 1419 2160 1451 d.
2180 1428 2222 1452 no
2238 1419 2342 1452 castri

735 1527 791 1566 jus
807 1525 1033 1565 praesentandi
1049 1525 1263 1564 capellanum
1280 1525 1322 1556 ad
1338 1525 1527 1565 cappellam
1543 1533 1645 1565 quam
1666 1525 1701 1556 in
1725 1526 1836 1557 castro
1852 1525 2012 1565 praedicto
2029 1527 2222 1571 construxit
2234 1527 2269 1558 et
2281 1526 2344 1559 do·

754 1579 833 1610 avit.
873 1579 909 1610 V.
928 1581 978 1616 74,
993 1587 1010 1610 e
1039 1604 1045 1610 .
1062 1580 1131 1609 744.

737 1581 750 1611 t
784 1579 918 1662 166(61.
938 1649 975 1654 -
990 1587 1082 1662 Petro
1098 1578 1191 1663 elgaro
1211 1631 1367 1663 Vivarien.
1385 1631 1486 1663 facul.
1506 1631 1710 1663 concedendi
1727 1631 1971 1663 tabellionatus
1988 1632 2043 1663 off.
2059 1632 2118 1664 uni
2134 1633 2257 1665 clerico
2273 1641 2342 1666 non

739 1687 927 1726 conjugato,
949 1686 1016 1726 ipsi
1033 1685 1208 1717 beneviso.
1228 1685 1280 1724 (A.
1309 1686 1358 1723 18,
1376 1685 1399 1716 f.
1415 1686 1475 1717 299
1490 1684 1526 1722 ι’;
1550 1684 1585 1717 V.
1603 1686 1654 1722 75,
1670 1693 1722 1725 ep.
1741 1685 1846 1725 1724.)

785 1737 920 1769 16665.
936 1757 975 1762 -
992 1739 1106 1770 Joanm'
1122 1739 1243 1775 Jacobs,
1263 1739 1344 1770 cler.
1363 1747 1431 1770 non
1451 1739 1629 1779 conjugato
1657 1738 1872 1770 Lemoviceu.
1898 1738 1957 1776 di„
1985 1747 2077 1770 conc.
2095 1738 2341 1772 tabellionatus

738 1794 899 1825 officium.
915 1793 968 1832 (A.
987 1794 1037 1829 18,
1059 1792 1083 1823 f.
1100 1793 1160 1824 300
1174 1798 1203 1830 ³3
1226 1792 1263 1824 V.
1280 1794 1329 1830 75,
1354 1801 1406 1832 ep.
1428 1793 1530 1830 1725.)

783 1844 918 1876 16666.
934 1863 971 1868 -
986 1846 1091 1887 Ep.us
1112 1846 1315 1883 Lemovicen.,
1337 1850 1366 1876 et
1382 1845 1502 1876 archid.
1519 1845 1687 1879 parisien..
1707 1855 1742 1875 ac
1765 1855 1846 1886 may.
1868 1845 1980 1876 Petrus
1998 1845 2168 1884 Placentis,
2191 1855 2261 1877 can.
2286 1845 2340 1878 Vi-

738 1900 854 1930 varien.
872 1899 958 1935 eccl„
975 1899 1097 1930 dantur
1113 1901 1150 1930 ut
1164 1899 1297 1938 judices
1325 1900 1581 1930 conservatores
1596 1898 1698 1930 Petro
1713 1898 1820 1930 electo
1842 1898 2018 1931 Vivarien.
2037 1899 2090 1939 (A.
2116 1899 2166 1937 18,
2191 1899 2216 1931 f.
2233 1900 2291 1931 321
2309 1904 2342 1936 ⁸;

743 1954 778 1985 V.
796 1955 845 1991 75,
866 1961 918 1992 ep.
938 1952 1044 1992 1774.)

784 2004 918 2035 16667.
938 2023 977 2029 -
993 2006 1107 2037 Joanni
1126 2005 1264 2036 Tronche
1277 2005 1389 2037 collat.
1407 2014 1527 2037 canon.
1544 2005 1624 2036 eccl.
1640 2005 1838 2037 Olomucen.
1857 2004 1920 2036 sub
1936 2014 2011 2046 exp.
2025 2005 2128 2046 praeb.
2139 2015 2149 2043 ;
2166 2014 2234 2038 non
2249 2006 2341 2039 obst.

737 2060 873 2100 paroch.
895 2060 975 2091 eccl.
1000 2060 1034 2090 in
1051 2059 1234 2096 Hostuvin‚
1250 2059 1396 2099 Pragen.
1419 2059 1479 2096 di.‚
1499 2059 1646 2098 quodam
1668 2058 1768 2090 altari
1787 2059 1822 2089 in
1844 2059 2001 2099 Pragen„
2018 2059 2164 2099 quadam
2179 2059 2284 2100 praeb.
2302 2059 2339 2091 in

737 2123 764 2145 s.
782 2114 919 2153 Georgii
936 2113 971 2144 in
990 2113 1109 2145 Castro
1122 2113 1264 2152 Pragen.
1299 2112 1394 2150 eccl„
1422 2113 1456 2144 et
1474 2111 1593 2152 capell.
1612 2112 1705 2152 regia
1734 2112 1896 2144 Omnium
1922 2112 1979 2144 SS.
2010 2112 2047 2144 in
2069 2112 2144 2144 eod.
2162 2114 2285 2145 castro.
2301 2131 2342 2136 -

736 2168 762 2198 Ι.
781 2176 809 2198 e.
830 2176 874 2198 m.
892 2166 968 2198 abb.
982 2167 1127 2197 monast.
1145 2166 1340 2203 Gradicen.,
1354 2167 1387 2197 et
1403 2165 1529 2197 decano
1546 2165 1781 2202 Cremisiren.,
1803 2165 2000 2198 Olomucen.
2021 2165 2080 2203 di..
2107 2174 2145 2197 ac
2167 2175 2256 2206 mag.
2279 2166 2342 2199 Ni-

736 2221 831 2252 colao
849 2221 889 2251 de
906 2220 1045 2257 Frattis=
1064 2228 1136 2251 can.
1158 2220 1333 2251 Patracen.
1353 2219 1449 2257 eccl„
1466 2219 1533 2250 litt.
1553 2220 1661 2259 apost.
1687 2219 1881 2250 correctori.
1899 2219 1951 2260 (A.
1977 2219 2027 2257 18,
2045 2219 2069 2250 f.
2093 2220 2152 2251 150
2168 2224 2199 2256 ·;
2227 2219 2263 2252 V.
2285 2221 2339 2258 74,

737 2283 789 2314 ep.
810 2274 894 2314 193.)

783 2325 915 2357 16668,
938 2345 974 2349 -
991 2326 1156 2367 Gumperto
1171 2325 1238 2368 filio
1255 2325 1412 2357 Pulcrami
1432 2325 1591 2366 Gumperti
1603 2326 1676 2357 ead.
1691 2325 1800 2366 gratia
1813 2325 1848 2356 in
1863 2325 1945 2356 eccl.
1963 2325 2186 2365 Ratisponen.
2205 2343 2244 2349 —
2261 2326 2288 2358 1.
2306 2333 2338 2358 e.

735 2390 781 2412 m.
800 2381 971 2420 archiep.o
990 2380 1244 2421 Salmburgen„
1263 2389 1301 2411 ac
1324 2379 1399 2411 abb.
1418 2380 1565 2411 monast.
1588 2379 1628 2410 de
1651 2378 1854 2419 Prufelling.
1873 2378 2084 2418 Ratisponen
2103 2379 2165 2416 di„
2186 2388 2225 2411 ac
2247 2387 2338 2420 mag.

734 2434 875 2466 Nicolao
893 2434 934 2466 de
949 2434 1089 2471 Frenis,
1120 2442 1191 2465 can.
1216 2434 1406 2470 patracen,
1433 2433 1499 2464 litt.
1530 2433 1638 2473 apost.
1663 2431 1856 2464 correctori.
1885 2431 1941 2472 (A.
1966 2432 2015 2468 18,
2041 2431 2065 2462 f.
2087 2433 2146 2464 150
2163 2431 2197 2468 ¹’;
2225 2431 2255 2463 V.
2286 2433 2339 2467 74,

735 2497 786 2528 ep.
805 2487 889 2527 194.)

780 2539 915 2570 16669.
930 2542 974 2581 ζ-
991 2541 1075 2581 May.
1099 2539 1227 2571 Hei-rico
1241 2540 1285 2580 jde
1305 2540 1427 2570 Throno
1447 2539 1521 2571 ead.
1541 2538 1651 2581 gratia
1671 2538 1707 2569 in
1726 2537 1808 2570 eccl.
1828 2537 1972 2578 Pragen.
1990 2546 2000 2575 ;
2020 2546 2088 2569 non
2109 2536 2197 2569 obst.
2216 2546 2335 2570 canon.

735 2594 799 2626 sub
821 2604 917 2635 exsp.
938 2594 1042 2634 praeb.
1066 2594 1146 2625 eccl.
1166 2594 1426 2633 Wissegraden.
1450 2601 1555 2632 prope
1576 2592 1731 2632 Pragam.
1751 2609 1790 2614 —
1806 2591 1833 2624 I.
1858 2598 1888 2622 e.
1913 2599 1960 2622 m.
1984 2591 2025 2622 de
2047 2590 2136 2622 Aula
2159 2591 2279 2632 Regia,
2299 2599 2340 2624 ae

733 2648 946 2683 Strahanien,
965 2648 1097 2687 Pragen
1120 2647 1180 2685 di.,
1197 2648 1342 2678 monast.
1363 2645 1555 2683 abbatibuS,
1577 2654 1615 2676 ac
1633 2653 1722 2685 mag.
1744 2644 1887 2676 Nicolao
1909 2643 1950 2676 de
1971 2644 2112 2682 Frattis,
2131 2653 2205 2676 can.
2222 2645 2340 2677 Patra·

733 2710 818 2737 cen„
835 2702 898 2733 litt.
916 2702 1021 2742 apost.
1035 2701 1224 2732 correctori.
1245 2700 1298 2739 (A.
1317 2701 1368 2736 18,
1385 2699 1408 2730 f.
1426 2700 1485 2731 150
1499 2698 1532 2737 b;
1554 2697 1586 2730 V.
1604 2699 1654 2733 74,
1672 2706 1724 2738 ep.
1743 2698 1827 2735 195.)

779 2753 911 2785 16670.
929 2773 968 2778 -
982 2754 1111 2785 Her-rico
1127 2753 1209 2785 dicto
1226 2753 1364 2784 Romano
1380 2753 1416 2784 de
1429 2751 1580 2783 Amberch
1593 2752 1666 2783 ead.
1683 2751 1792 2791 gratia
1805 2750 1841 2782 in
1857 2751 1938 2782 eccl.
1954 2759 1982 2783 s.
1999 2750 2162 2791 Stephani
2177 2750 2338 2783 Bamber·

732 2817 807 2849 gen.
825 2809 888 2840 sub
904 2817 999 2848 exsp.
1018 2807 1120 2848 praeb.
1139 2825 1178 2830 —
1201 2807 1228 2838 Ι.
1246 2815 1276 2838 e.
1295 2815 1340 2838 m.
1361 2815 1437 2846 ep.0
1463 2806 1700 2845 Ratisponen.‚
1720 2805 1754 2836 et
1774 2813 1877 2844 praep.
1906 2813 1934 2835 s.
1956 2803 2075 2836 Jacobi
2098 2803 2336 2844 Bambergen„

734 2871 771 2894 ac
781 2871 869 2902 mag.
880 2862 1023 2894 Nicolao
1034 2861 1075 2892 de
1086 2860 1226 2897 Frattis,
1238 2869 1312 2891 can.
1324 2859 1542 2891 Patracensis
1553 2858 1648 2894 eccl„
1661 2858 1728 2890 litt.
1739 2859 1849 2898 apost.
1861 2857 2054 2890 correctori.
2067 2858 2119 2896 (A.
2133 2858 2183 2894 18,
2195 2857 2219 2888 f.
2232 2859 2287 2889 15¹
2301 2863 2315 2879 ⁸
2323 2867 2334 2895 ;

738 2915 774 2947 V.
792 2918 840 2951 74,
859 2924 911 2955 ep.
932 2914 1019 2955 196.)

779 2966 916 2998 16671.
936 2986 976 2991 -
993 2968 1158 3009 Gumperto
1185 2966 1335 2997 Waitario
1353 2966 1426 2998 ead.
1440 2966 1549 3006 gratia
1565 2966 1599 2996 in
1618 2965 1700 2997 eccl.
1715 2963 1990 3004 Veteriscapellae
2007 2963 2229 3003 Ratisponen.
2238 2972 2250 3000 3
2266 2972 2332 2995 uon

706 3047 709 3055 .
733 3021 820 3054 obst.
838 3022 972 3062 paroch.
990 3021 1070 3053 eccl.
1088 3021 1123 3052 in
1142 3020 1248 3058 Puch‚
1264 3020 1475 3060 Ratisponen
1494 3019 1540 3051 di.
1550 3029 1559 3056 ;
1577 3027 1695 3051 canon.
1717 3020 1830 3050 autem
1844 3019 1876 3050 et
1887 3017 1991 3058 praeb.
2014 3017 2097 3049 eccl.
2113 3016 2149 3048 in
2160 3016 2333 3055 Minister,

738 1473 778 1504 de
793 1472 954 1503 Molianis
971 1471 1179 1512 Lebogarge,
1196 1471 1397 1503 Ambianen.
1415 1471 1477 1508 di,
1496 1471 1638 1512 ejusque
1653 1471 1845 1503 haeredibus
1861 1473 1893 1504 et
1910 1471 2168 1504 successoribus
2180 1473 2342 1505 concedat
2402 1497 2405 1499 —
