2592 3528
405 334 442 362 14

430 420 531 447 Datum
556 411 740 447 Avenione.

419 681 455 708 {0
471 682 511 714 (vi
526 679 578 714 id.)
594 681 646 706 oct.
669 677 755 706 432¹.

525 723 555 750 T.
577 723 645 750 XVI.

547 890 582 917 Ut
600 897 622 916 s.

507 935 537 962 T.
559 935 591 966 X.
610 934 667 961 XII.

545 1261 581 1289 Ut
600 1269 623 1288 s.

530 1306 560 1332 T.
581 1305 638 1333 XX.

421 1369 454 1395 ιι
471 1370 501 1402 (ν
521 1367 574 1400 id.)
593 1371 644 1395 oct.
665 1367 751 1395 1321.

528 1412 558 1439 T.
579 1412 638 1439 ΧΠ.

416 1527 453 1555 12
469 1530 511 1562 (iv
530 1526 581 1561 id.)
597 1529 650 1554 oct.
668 1525 758 1554 432¹.

505 1571 535 1598 T.
554 1571 586 1605 x,
602 1571 660 1598 xu.

537 1844 581 1879 t-Ut
598 1853 621 1871 s.

529 1889 558 1915 T.
579 1888 638 1915 XII.

545 2003 581 2030 Ul.
596 2011 619 2030 S.

411 2214 447 2243 13
461 2218 507 2250 (ιιι
525 2214 578 2247 id.)
596 2217 649 2242 oct.
667 2213 753 2242 1321.

509 2259 539 2286 Τ.
561 2259 655 2286 XXIV.

422 2480 458 2507 n
472 2479 505 2515 (11
519 2479 571 2515 id.)
587 2483 639 2508 oct.
657 2480 745 2509 1321.

493 2524 524 2551 T.
542 2523 588 2558 xl,
605 2524 676 2551 xm.

543 2797 579 2825 Ut
600 2805 623 2825 s.

481 2841 510 2868 T.
529 2841 586 2876 XX,
599 2842 682 2870 XXII.

802 322 975 355 JOANNIS
1000 321 1118 353 PAPAE
1141 320 1241 351 xxu.
1266 319 1504 361 (1816-1334)
1525 336 1563 342 —
1586 317 1772 349 LITTERAE
1795 315 2020 348 COMMUNES

826 519 977 542 mausen.
993 510 1052 544 di.,
1067 508 1189 549 pertin.
1209 508 1243 539 et
1256 507 1330 547 (150
1345 507 1367 538 l.
1386 507 1436 545 t.),
1459 504 1632 537 Baimundo
1646 503 1783 542 Budelli,
1798 504 1879 536 dicti
1896 504 2042 535 monast.
2061 511 2165 540 mon„
2182 502 2224 534 D.
2241 502 2283 534 D.
2296 520 2335 526 —
2351 501 2378 533 1.
2395 509 2424 533 e.

826 572 869 595 m.
888 571 963 603 ep.o
979 562 1180 598 Ruthenen„
1206 562 1239 592 et
1260 559 1387 591 archid.
1415 559 1560 596 Uticen.,
1580 567 1618 590 ac
1642 557 1778 590 scolast.
1803 557 2054 597 Petragoricen.
2078 555 2160 588 eccl.
2177 556 2230 596 (A.
2250 556 2299 590 16,
2319 554 2342 586 f.
2358 555 2399 587 69
2413 559 2427 576 ·

825 619 858 648 et
878 618 937 648 253
955 621 982 651 ⁸;
1007 615 1042 647 V.
1058 617 1107 652 73,
1120 623 1172 654 ep.
1189 615 1248 646 229
1263 614 1296 654 et
1311 612 1396 652 299.)

872 666 1006 698 14546.
1025 685 1063 691 -
1078 667 1238 707 Dispens.
1253 665 1428 697 Raimundo
1443 664 1608 702 Barrertae,
1625 673 1697 696 can.
1711 665 1744 696 et
1760 664 1910 695 sacristae
1926 662 2008 695 eccl.
2023 661 2234 699 Sistaricen.‚
2251 662 2288 693 ut
2306 660 2425 693 sacris-

825 723 905 754 tiam
923 730 1032 759 suam,
1047 720 1182 752 etiarnsi
1198 720 1302 760 dign..
1319 720 1374 750 off.
1392 718 1446 750 vel
1458 719 1659 759 personatus
1676 717 1812 755 existat,
1828 716 2012 748 dummodo
2028 715 2059 748 ei
2071 724 2152 747 cura
2167 723 2234 747 non
2249 714 2427 746 immineat

826 776 1026 810 animarum,
1038 782 1193 805 unacum
1207 773 1287 805 eccl.
1300 773 1341 804 de
1353 771 1507 804 Cabanili
1519 780 1547 803 c.
1560 780 1602 809 c.,
1617 770 1776 803 Tolosan.
1791 770 1850 807 di.,
1865 770 2011 801 retinere
2024 769 2145 801 valeat.
2158 768 2212 810 (A.
2226 770 2275 806 16,
2288 767 2311 799 f.
2323 768 2382 799 303
2393 771 2425 803 ·;

830 829 865 861 V.
882 831 931 866 73,
949 837 1000 868 ep.
1018 827 1106 867 503.)

873 878 1005 911 11547.
1024 898 1061 903 -
1079 880 1201 912 Collat.
1221 887 1339 910 canon.
1354 877 1418 910 sub
1433 887 1529 918 exsp.
1547 876 1650 918 praeb.
1666 876 1747 908 eccl.
1761 876 1962 908 Tirasonen.
1977 876 2072 907 Petro
2092 875 2129 907 de
2147 874 2282 912 Curtali,
2295 873 2425 906 consid.

824 935 940 967 Jacobi
959 935 1048 974 regis
1066 934 1260 973 Aragonum
1271 943 1280 970 3
1296 941 1363 963 non
1382 931 1470 963 obst.
1490 931 1580 972 quod
1596 931 1630 962 in
1646 930 1684 961 Β.
1706 930 1750 961 Μ.
1769 931 1802 961 et
1818 938 1846 961 s.
1865 929 2043 961 Michaelis
2057 929 2098 961 de
2114 928 2294 961 Danrocha
2313 928 2427 968 singu-

824 989 876 1020 las
894 988 1078 1028 portiones,
1095 995 1132 1018 ac
1149 986 1183 1017 in
1198 986 1238 1018 de
1254 985 1497 1017 Centumcellis
1514 984 1594 1016 eccl.
1612 984 1782 1025 quoddam
1794 982 1906 1014 benef.
1923 984 2127 1022 quartonum
2143 981 2330 1022 vulgariter
2342 989 2427 1012 nun·

825 1043 997 1081 cupatum,
1014 1039 1307 1080 Caesaraugustam.
1326 1040 1359 1070 et
1372 1039 1597 1070 Terraconen.
1615 1037 1674 1075 di.,
1693 1036 1844 1068 obtineat
1864 1037 1897 1067 et
1911 1037 1998 1067 auct.
2019 1036 2130 1076 apost.
2147 1034 2259 1066 benef.
2277 1034 2352 1075 (100
2365 1033 2426 1066 lib.

823 1094 1078 1132 barchinonen.)
1094 1093 1218 1133 pertin.
1239 1092 1281 1124 ad
1297 1092 1410 1123 collat.
1427 1090 1591 1131 archiep.i
1607 1091 1831 1122 Terraconen.
1848 1090 2013 1129 expectet.
2030 1106 2070 1112 —
2088 1088 2115 1120 1.
2135 1097 2163 1120 e.
2181 1096 2227 1119 m.
2244 1096 2348 1128 praep.
2365 1086 2426 1119 Mi-

824 1149 962 1185 maten.‚
980 1148 1013 1178 et
1028 1146 1155 1178 archid.
1179 1146 1329 1178 Tirolen.
1348 1145 1656 1185 caesaraugustan„
1673 1152 1711 1175 ac
1726 1142 1898 1175 Bernardo
1917 1143 1958 1174 de
1975 1141 2242 1180 Plicamanibus‚
2258 1149 2332 1173 can.
2347 1140 2428 1173 Iler-

825 1201 900 1233 den.
920 1200 998 1232 eccl.
1017 1200 1069 1240 (A.
1087 1201 1136 1238 16,
1151 1199 1174 1231 s.
1193 1201 1253 1231 443
1269 1204 1297 1236 ²;
1321 1197 1355 1230 V.
1375 1200 1425 1237 73,
1444 1207 1496 1238 ep.
1517 1198 1602 1237 830.)

872 1251 1007 1284 14548.
1027 1272 1065 1276 -
1078 1253 1194 1285 Facul.
1213 1252 1309 1283 Petro
1331 1261 1401 1293 ep.o
1423 1250 1554 1283 Melden.
1573 1250 1818 1283 tabellionatus
1837 1249 1891 1282 off.
1916 1248 2122 1280 concedendi
2143 1247 2278 1280 duobus
2293 1247 2427 1280 clericis

826 1316 892 1339 non
908 1307 1108 1347 conjugatis.
1128 1306 1179 1346 (A.
1199 1308 1247 1344 16,
1263 1306 1285 1337 f.
1306 1306 1365 1338 198
1379 1306 1418 1345 ⁸.)

872 1357 1005 1390 14549.
1022 1378 1060 1383 -
1073 1359 1336 1391 Testimoniales
1352 1358 1599 1390 benedictionis
1617 1358 1779 1397 impensae
1794 1355 1892 1387 Paulo
1900 1356 1967 1387 abb.
1983 1360 2112 1387 monast.
2123 1365 2147 1386 s.
2159 1355 2321 1386 Laurentii
2333 1355 2429 1387 Aver-

825 1424 905 1451 san.,
923 1414 965 1445 ad
982 1414 1021 1445 R.
1037 1414 1076 1445 E.
1094 1413 1188 1445 nullo
1204 1413 1317 1444 medio
1332 1412 1469 1453 pertin,
1484 1411 1522 1444 O.
1541 1411 1574 1443 S.
1592 1412 1643 1449 B..
1660 1420 1721 1451 per
1734 1410 1978 1451 Berengarium
1995 1418 2111 1450 ep.um
2126 1409 2288 1441 Portuen.
2305 1408 2358 1448 (A.
2377 1409 2427 1446 16,

826 1467 849 1499 f.
865 1469 905 1499 45
921 1473 949 1504 ³;
972 1467 1008 1498 V.
1023 1469 1072 1502 73,
1091 1475 1143 1507 ep.
1162 1466 1229 1506 52.)

874 1517 1008 1549 14550.
1025 1538 1063 1543 -
1080 1520 1203 1551 Collat.
1223 1527 1340 1550 canon.
1365 1520 1397 1550 et
1421 1518 1524 1558 praeb.
1543 1518 1624 1550 eccl.
1642 1518 1802 1550 Vasaten.
1822 1525 1882 1557 per
1905 1517 2066 1557 resignat.
2088 1515 2267 1548 Guillelmi
2285 1515 2428 1547 Joanuis

826 1583 897 1605 vac.
917 1573 1081 1604 Benedicta
1093 1573 1235 1610 Joanm‘s,
1255 1572 1366 1612 ipsius
1381 1581 1470 1612 nep„
1492 1580 1559 1603 non
1577 1571 1664 1603 obst.
1683 1571 1717 1602 in
1733 1571 1813 1602 eccl.
1829 1571 1870 1602 de
1886 1579 1913 1602 S.
1931 1570 2083 1608 Asterio,
2099 1569 2350 1610 Petragoricen.
2367 1569 2426 1607 di.,

826 1635 944 1658 canon.
961 1627 993 1658 et
1009 1626 1126 1667 praeb.,
1149 1628 1180 1658 et
1199 1625 1310 1657 benef.
1326 1634 1353 1657 S.
1371 1634 1399 1657 c.
1417 1627 1555 1656 vacante
1570 1625 1634 1656 vel.
1651 1627 1810 1656 vacaturo
1826 1624 1869 1655 ad
1891 1623 2003 1655 collat.
2020 1623 2089 1663 ep.i
2104 1624 2282 1655 Caturcen.
2302 1622 2426 1663 pertin.

824 1698 863 1703 —
882 1681 908 1711 Ι.
927 1689 955 1711 e.
974 1689 1019 1711 m.
1036 1689 1124 1720 mag.
1142 1680 1242 1711 Petro
1258 1679 1299 1710 de
1313 1680 1494 1719 Nogareto‚
1509 1678 1746 1718 Burdegalen.‚
1759 1678 1826 1709 litt.
1843 1678 1951 1718 apost.
1968 1676 2253 1708 contradictarum
2267 1676 2427 1714 auditori,

826 1735 858 1765 et
873 1734 1010 1765 Sicardo
1035 1733 1075 1764 de
1100 1732 1298 1764 Marmanda
1316 1741 1353 1764 ac
1371 1732 1477 1764 Vitali
1495 1732 1536 1763 de
1563 1731 1743 1768 Gontaldo‚
1760 1732 1937 1763 Caturcen.
1959 1739 2032 1762 can.
2057 1730 2138 1762 eccl.
2158 1730 2213 1771 (A.
2237 1731 2287 1768 16,
2304 1730 2328 1762 ἰ.
2343 1731 2384 1762 92
2397 1735 2427 1767 ⁸;

831 1787 867 1818 V.
886 1789 935 1824 73,
953 1796 1005 1826 ep.
1023 1786 1088 1826 50.)

874 1837 1009 1870 14551.
1027 1857 1066 1863 -
1084 1839 1347 1871 Testimoniales
1367 1838 1615 1870 benedictionis
1641 1838 1804 1878 impensae
1821 1846 1874 1878 ap.
1891 1838 1924 1869 S.
1952 1838 1992 1869 A.
2011 1846 2031 1869 a
2047 1837 2149 1869 Petro
2175 1846 2251 1878 ep.o
2270 1837 2428 1870 Civitatis

825 1902 919 1925 novae
936 1893 1043 1924 Alisiae
1058 1893 1216 1923 abbatissae
1234 1897 1362 1923 monast.
1378 1903 1402 1922 s.
1427 1892 1526 1923 Annae
1547 1891 1789 1923 Jerosolimitan.
1811 1891 1998 1929 Nicosien.,
2016 1891 2056 1924 Ο.
2075 1891 2110 1923 S.
2128 1891 2181 1929 B„
2199 1899 2276 1923 cum
2291 1891 2429 1924 licentia

826 1947 1004 1978 recedendi
1020 1955 1037 1978 e
1053 1946 1159 1977 curia.
1177 1947 1227 1983 (A.
1252 1948 1301 1981 16,
1319 1946 1342 1977 f.
1360 1947 1418 1977 113
1436 1951 1460 1982 ·;
1482 1945 1517 1977 V.
1535 1947 1585 1980 73,
1605 1954 1657 1985 ep.
1676 1945 1760 1984 126.)

871 1997 1004 2028 14552.
1027 2018 1063 2023 —
1083 1999 1260 2031 Prioratus
1277 2008 1304 2029 s.
1322 1999 1419 2030 Fidis
1434 1999 1474 2030 de
1494 1998 1694 2038 Perayrolio
1716 2000 1749 2029 et
1764 1998 1937 2038 prioratus
1953 1998 1995 2029 de
2012 1997 2159 2030 Cuelhas
2174 1997 2242 2030 eid.
2260 2007 2426 2031 annexuit.

824 2053 863 2085 O.
884 2053 917 2085 S.
935 2053 986 2090 B.,
1006 2053 1164 2084 Tolosan.
1181 2053 1240 2090 di.,
1259 2053 1331 2091 (122
1348 2052 1371 2083 1.
1388 2051 1439 2091 t.),
1458 2052 1500 2083 ad
1514 2051 1626 2083 collat.
1647 2051 1827 2084 Guillelmi
1843 2050 1911 2081 abb.
1932 2056 2062 2082 monast.
2078 2061 2102 2082 s.
2121 2051 2210 2083 Fidis
2232 2051 2269 2083 de
2285 2051 2426 2090 Conchis,

823 2106 905 2137 dicti
921 2106 1006 2142 ord„
1023 2105 1207 2137 Ruthenen.
1226 2105 1285 2142 di.,
1306 2107 1339 2137 et
1364 2114 1425 2144 per
1447 2113 1537 2136 mon.
1569 2105 1622 2136 sui
1639 2105 1792 2140 {monast
1813 2104 1892 2145 gub.
1919 2105 2084 2142 consueti,
2111 2105 2277 2137 uniuntur
2302 2114 2428 2138 mensae

822 2159 931 2199 eJusd.
951 2158 1027 2189 abb.
1046 2159 1099 2199 (A.
1121 2159 1169 2196 18,
1189 2159 1211 2189 f.
1229 2159 1289 2190 489
1307 2163 1339 2195 ⁸3
1362 2158 1398 2189 V.
1415 2161 1465 2196 73,
1485 2167 1538 2198 ep.
1557 2158 1661 2196 1421.)

869 2209 1001 2241 14553.
1024 2229 1062 2234 -
1089 2212 1275 2252 Suspensio
1301 2211 1547 2243 sententiarum
1574 2220 1705 2243 excom.
1731 2220 1791 2251 per
1819 2219 1907 2252 mag.
1934 2211 2125 2243 Arnaldum
2149 2211 2328 2249 Sabaterii,
2352 2221 2425 2245 can.

822 2266 981 2302 Melden.,
1005 2265 1165 2296 nuncium
1190 2266 1313 2305 apost„
1337 2265 1484 2296 latarum
1508 2266 1625 2296 contra
1643 2275 1745 2305 ep.um
1767 2264 1878 2296 Athen.
1903 2265 2035 2296 ratione
2066 2265 2248 2297 solutionis
2271 2274 2429 2306 procura—

822 2319 954 2350 tionum
971 2328 1030 2358 per
1049 2318 1163 2359 ipsum
1188 2327 1226 2350 ac
1242 2327 1301 2358 per
1317 2318 1540 2350 Guillelmum
1562 2318 1730 2355 Theatin.‚
1750 2318 1832 2350 olim
1847 2318 1970 2350 Alben.
1989 2327 2117 2358 ep.um,
2140 2318 2252 2359 ipsius
2276 2320 2424 2351 anteces-

824 2381 947 2408 sorem,
962 2372 1153 2403 debitarum
1170 2372 1362 2411 Napoleoni
1376 2380 1403 2403 s.
1421 2372 1565 2403 Adriani
1583 2372 1669 2403 diac.
1688 2371 1779 2403 card.
1798 2373 1830 2403 et
1845 2371 1878 2403 b.
1906 2380 1971 2403 me.
1989 2371 2141 2403 Arnaldo
2160 2380 2236 2412 ep.o
2252 2371 2426 2410 Sabinen„

822 2426 858 2457 in
872 2425 1075 2457 Lombardia
1090 2425 1172 2457 olim
1187 2425 1220 2457 S.
1245 2427 1285 2457 A.
1303 2425 1437 2466 legatis.
1458 2425 1509 2464 (A.
1528 2427 1577 2463 16,
1593 2425 1616 2456 f.
1633 2427 1673 2457 65
1688 2424 1720 2461 ὓς
1748 2424 1781 2454 V.
1798 2427 1850 2463 73,
1868 2433 1920 2465 ep.
1939 2426 2025 2464 137.)

869 2475 1002 2507 14554.
1020 2496 1058 2501 -
1074 2478 1193 2510 Collat.
1213 2487 1331 2510 canon.
1348 2477 1412 2509 sub
1436 2486 1533 2518 exsp.
1552 2477 1654 2518 praeh.
1682 2478 1763 2509 eccl.
1785 2478 2002 2515 Noviomen.‚
2027 2477 2157 2509 consid.
2187 2478 2349 2519 Symonis
2370 2479 2424 2512 tit.

823 2540 850 2563 s.
866 2532 990 2563 Priscae
1005 2531 1119 2572 presb.
1138 2531 1242 2570 card„
1269 2531 1386 2563 Joarmi
1414 2531 1451 2562 de
1472 2530 1633 2569 Mendone‚
1651 2531 1763 2571 ipsius
1786 2539 1858 2572 cap.
1879 2532 1912 2563 et
1937 2531 2044 2564 famil.
2056 2540 2066 2569 ;
2082 2540 2150 2563 non
2177 2531 2265 2564 obst.
2290 2532 2425 2573 paroch.

823 2585 903 2617 eccl.
924 2585 964 2616 de
980 2585 1149 2622 Rothona,
1166 2593 1284 2616 canon.
1301 2586 1334 2617 et
1352 2584 1453 2625 praeb.
1475 2584 1511 2615 in
1528 2584 1609 2616 eccl.
1627 2593 1655 2616 s.
1671 2584 1812 2625 Georgii
1825 2584 1865 2616 de
1879 2584 1999 2616 Castro
2016 2584 2178 2623 creciaci,
2198 2585 2425 2626 Corisopiten.

823 2639 855 2670 et
871 2638 1015 2670 Melden.
1033 2638 1093 2677 di.,
1113 2640 1145 2670 et
1161 2647 1280 2670 canon.
1300 2637 1364 2670 sub
1379 2646 1476 2678 exsp.
1496 2637 1599 2678 praeb.
1617 2638 1699 2670 eccl.
1717 2647 1745 2669 s.
1765 2638 1919 2670 Marcelli
1932 2637 2032 2678 juxta
2047 2638 2214 2670 Parisius.
2233 2657 2272 2662 —
2289 2639 2316 2671 Ι.
2334 2648 2363 2672 e.
2379 2649 2424 2672 m.

823 2691 898 2724 abb.
917 2693 1062 2724 monast.
1083 2700 1109 2723 s.
1126 2691 1288 2724 Germani
1306 2691 1347 2723 de
1369 2691 1481 2724 pratis
1501 2691 1600 2731 juxta
1616 2691 1784 2729 ParisiuS‚
1800 2693 1833 2723 et
1854 2691 1980 2723 decano
1995 2691 2179 2730 Parisien.,
2203 2701 2242 2724 ac
2261 2701 2348 2733 mag.
2364 2693 2427 2725 Ar-

823 2744 924 2776 naldo
940 2745 1056 2785 Regis,
1073 2753 1146 2776 can.
1164 2745 1309 2777 Melden.
1326 2745 1406 2776 eccl.
1427 2745 1480 2785 (A.
1499 2746 1548 2783 16,
1565 2744 1589 2776 f.
1605 2746 1644 2777 93
1659 2749 1694 2782 ⁸3
1718 2744 1754 2776 V.
1770 2746 1819 2783 73,
1835 2753 1888 2785 ep.
1904 2745 1971 2784 51.)

870 2795 1006 2828 14555.
1025 2815 1063 2821 -
1087 2798 1214 2830 Indult.
1240 2798 1366 2830 Blancae
1389 2798 1426 2829 de
1448 2797 1604 2836 Britania,
1626 2797 1707 2829 d.nae
1729 2798 1824 2829 castri
1849 2797 1886 2829 de
1908 2797 2050 2836 Corneliis,
2075 2798 2188 2830 relictae
2212 2799 2323 2840 quond.
2349 2799 2428 2831 Plu·-

825 2850 906 2892 lippi
922 2851 956 2882 de
975 2851 1136 2889 Atrebate,
1153 2853 1190 2884 ut
1205 2861 1223 2882 v
1237 2852 1318 2884 cler.
1336 2851 1445 2884 famil.
1467 2852 1578 2892 ipsius
1593 2851 1726 2883 fructus
1745 2851 1898 2884 omnium
1916 2851 2024 2884 benef.
2041 2861 2183 2884 suorum
2199 2852 2327 2893 absque
2344 2853 2428 2885 resi·

824 2904 937 2936 dentia
951 2905 993 2936 ad
1008 2905 1194 2936 triennium
1207 2905 1382 2945 percipere
1399 2904 1545 2936 valeant.
1562 2923 1601 2928 —
1617 2905 1644 2936 Ι.
1668 2914 1697 2936 e.
1716 2914 1761 2937 m.
1787 2904 1864 2936 abb.
1891 2906 2040 2937 monast.
2057 2914 2084 2937 s.
2102 2905 2265 2938 Germani
2283 2906 2324 2938 de
2345 2907 2427 2938 Pta-

824 2957 868 2988 tis
891 2966 995 2997 prope
1019 2958 1185 2993 Parisius,
1209 2959 1242 2989 et
1260 2958 1386 2990 archid.
1404 2959 1552 2998 Aquen.,
1569 2959 1603 2990 et
1619 2958 1770 2990 Arnaldo
1794 2959 1912 2999 Regis,
1931 2967 2003 2991 can.
2026 2959 2172 2991 Melden.
2191 2959 2271 2991 eccl.
2295 2961 2348 2998 (Α.
2374 2961 2424 2999 16,

823 3010 950 3048 f.61·;
974 3011 1010 3042 V.
1030 3013 1079 3049 73,
1096 3020 1147 3052 ep.
1167 3012 1251 3053 122.)
1655 3024 1658 3026 Δ
