2592 3528
345 327 407 357 2³2

378 415 479 441 natum
497 407 682 442 Avenione.

412 620 453 649 28
467 620 532 654 jan.
556 619 644 648 1323.

434 669 464 698 (v
479 664 538 692 kal.
559 664 628 700 seb.)

437 709 466 735 T.
485 709 531 742 xl,
549 709 620 736 XIII.

487 833 523 861 Ut
543 842 567 861 S.

432 878 464 906 Τ.
486 878 532 909 ΧΙ,
552 878 624 906 XIII.

490 992 527 1020 Ut
542 1000 564 1019 s.

439 1037 470 1063 T.
489 1037 534 1069 XI,
550 1036 621 1064 XIII.

488 1204 523 1231 Ut
541 1212 564 1231 s.

437 1249 467 1276 T.
481 1248 526 1282 XI,
543 1248 614 1276 XIII.

487 1417 523 1444 Ut
540 1425 562 1443 s.

437 1461 466 1487 T.
484 1461 529 1494 XI,
542 1461 612 1488 XIII.

488 1576 523 1602 Ut
540 1584 562 1602 s.

386 1620 415 1646 T.
433 1620 467 1646 XI
485 1620 530 1654 ¹l-2‚
545 1620 604 1647 XIII
623 1621 667 1656 ¹l2.

409 1894 449 1921 29
464 1893 528 1927 jan.
551 1893 638 1922 1323.

419 1941 462 1973 (lv
479 1939 539 1966 kal.
558 1938 631 1975 seh.)

433 1983 464 2010 T.
482 1983 528 2017 ΧΙ,
544 1983 614 2011 xm.

485 2106 518 2133 Ut
538 2115 561 2133 s.

421 2149 450 2176 T.
471 2150 528 2183 XX,
545 2150 627 2178 XXII.

406 2423 443 2451 31
460 2431 527 2458 μιῇ.
548 2424 637 2453 1323.

427 2473 460 2503 (11
476 2469 534 2496 kal.
550 2469 619 2502 feb.)

460 2513 490 2539 T.
512 2513 581 2540 XVI.

485 2636 519 2664 Ut
539 2645 564 2665 s.

428 2680 459 2708 T.
477 2681 522 2713 XI,
540 2682 612 2710 XIII.

484 2847 519 2875 Ut
540 2857 563 2875 s.

430 2891 461 2919 T.
479 2892 524 2926 xl,
542 2893 613 2921 XIII.

746 322 920 354 JOANNIS
943 322 1061 354 PAPAE
1082 322 1184 354 XXII.
1209 324 1458 362 (une-1384).
1481 339 1520 345 —
1542 319 1728 352 LITTERAE
1750 318 1977 351 COMMUNES

770 512 954 549 Faucibus,
970 513 1202 544 constantien.
1217 516 1249 543 et
1265 512 1453 552 Augusten.
1471 511 1531 549 di.,
1549 511 1695 542 monast.
1712 509 1803 547 abb„
1820 509 1996 550 accantori
2007 508 2087 542 eccl.
2105 509 2241 541 Curien.
2254 509 2310 550 (A.
2323 509 2372 546 18,

771 566 794 597 f.
807 567 868 598 240
885 571 916 602 ⁸3
936 565 970 597 V.
987 567 1039 602 74,
1062 574 1114 606 ep.
1133 565 1220 605 395.)

817 616 953 649 16879.
969 637 1008 642 —-
1024 618 1187 660 Leopardo
1204 618 1393 660 Napoleonis
1411 617 1448 648 de
1475 616 1624 658 Fulqineo
1649 616 1762 648 collat.
1792 624 1925 654 canon„
1943 615 2046 656 praeb.
2063 617 2098 648 et
2114 615 2273 647 cantoriae
2290 615 2372 648 eccl.

771 672 930 710 Meffien„
948 681 1020 703 vac.
1038 681 1098 712 per
1116 671 1198 703 obit.
1216 680 1269 711 ap.
1284 672 1317 703 S.
1334 672 1375 702 A.
1396 670 1542 703 Consilii
1560 669 1701 701 Henrici
1718 669 1760 700 de
1776 669 1943 701 Viterbio.
1958 686 1998 693 —
2015 669 2044 701 Ι.
2058 677 2088 701 e.
2105 677 2153 701 m.
2170 678 2198 700 s.
2219 668 2374 701 Severini

770 725 984 765 Neapolitan.
1003 727 1036 756 et
1049 734 1076 756 s.
1096 725 1214 756 Crucis
1230 725 1271 755 de
1286 725 1468 760 Saxovivo‚
1484 723 1700 763 Fulginaten.
1719 722 1779 756 di.,
1799 724 1946 754 monast.
1962 722 2053 758 abb„
2071 731 2110 754 ac
2125 722 2251 754 archid.
2266 722 2375 754 Bene-

771 783 905 809 ventan.
925 779 1007 809 eccl.
1024 778 1076 818 (A.
1091 779 1139 814 18,
1157 779 1178 808 f.
1197 779 1256 809 240
1275 778 1303 815 ¹’;
1328 778 1364 809 V.
1384 780 1434 815 74,
1452 786 1505 816 ep.
1523 778 1610 815 396.)

819 829 954 860 16880.
974 849 1012 854 —
1028 832 1143 863 Joanni
1158 836 1230 861 nalo
1254 830 1366 872 quand.
1392 829 1521 861 Walteri
1535 829 1611 860 dicti
1629 828 1767 859 Hotman
1785 829 1898 860 collat.
1917 837 2037 860 canon.
2055 829 2136 860 eccl.
2156 828 2292 861 Curien.
2310 827 2374 860 sub

771 892 867 924 exsp.
887 883 990 924 praeb.
1009 901 1046 906 --
1060 884 1086 915 Ι.
1106 893 1136 915 e.
1155 893 1199 915 m.
1216 884 1251 915 in
1268 884 1367 915 Mure
1384 884 1417 914 et
1433 884 1468 914 in
1484 883 1695 923 Wettingen.
1715 883 1861 914 monast.
1879 881 1969 918 abb„
1988 891 2027 914 ac
2049 890 2154 922 praep.
2173 880 2255 914 eccl.
2272 882 2375 914 Bero-

771 945 861 973 nen.,
881 937 1112 968 Constantien.
1131 937 1176 968 di.
1193 937 1246 977 (A.
1261 938 1310 975 18,
1330 936 1353 967 f.
1367 937 1427 968 279
1445 942 1474 972 ει;
1502 935 1532 968 V.
1547 938 1597 973 74,
1614 945 1666 976 ep.
1684 937 1769 974 398.)

817 987 955 1020 16881.
973 1007 1014 1012 -
1030 989 1208 1020 Hermanno
1238 989 1409 1027 Waltelini,
1435 988 1517 1020 dicto
1531 988 1568 1019 de
1584 988 1692 1026 Lobio,
1709 997 1804 1029 prov.
1829 997 1946 1021 canon.
1971 987 2035 1020 sub
2057 997 2154 1029 exsp.
2171 987 2275 1029 praeb.
2292 987 2376 1020 eccl.

772 1051 799 1074 s.
817 1043 960 1074 Andreae
986 1043 1161 1075 Colonien.
1179 1060 1217 1065 —
1232 1043 1259 1074 Ι.
1279 1051 1308 1074 e.
1325 1051 1372 1074 m.
1392 1051 1419 1074 s.
1439 1042 1558 1074 Jacobi
1583 1042 1759 1078 Leodien.‚
1776 1043 1809 1074 et
1826 1051 1855 1073 s.
1874 1041 2094 1074 Pantaleonis
2110 1041 2285 1074 colonien.
2301 1049 2376 1074 mo-

771 1096 858 1127 nast.
875 1095 966 1134 abb„
982 1104 1020 1127 ac
1035 1104 1123 1136 mag.
1141 1096 1268 1128 Busolo
1286 1097 1327 1127 de
1340 1096 1476 1133 Parma,
1499 1104 1573 1127 can.
1592 1095 1780 1127 Tornacen.
1800 1095 1894 1134 ech,
1905 1095 2006 1136 Papae
2018 1103 2091 1135 cap.
2102 1095 2157 1135 (A.
2175 1095 2224 1132 18,
2238 1094 2262 1126 f.
2273 1093 2374 1133 27953

777 1148 811 1179 V.
831 1150 881 1186 74,
901 1157 953 1188 ep.
973 1149 1057 1189 399.)

817 1199 951 1231 16882.
971 1220 1007 1224 -
1023 1203 1138 1234 Joanm·
1157 1207 1230 1233 nato
1247 1202 1346 1234 Ulrici
1365 1202 1441 1234 dicti
1461 1202 1560 1234 Ecter
1573 1210 1668 1243 prov.
1689 1210 1807 1234 canon.
1833 1201 1896 1233 sub
1919 1209 2015 1242 exsp.
2031 1201 2136 1242 praeb.
2152 1201 2233 1233 eccl.
2253 1201 2376 1233 Thuri-

771 1264 856 1292 cen.,
874 1256 1107 1287 constantien.
1136 1256 1181 1288 di.
1192 1266 1202 1293 ;
1223 1265 1291 1288 non
1311 1255 1400 1288 obst.
1425 1255 1563 1296 paroch.
1590 1255 1672 1288 eccl.
1696 1255 1732 1286 in
1759 1256 1884 1296 Bmgo,
1904 1255 2041 1287 Curien.
2067 1255 2114 1286 di.
2132 1271 2171 1277 —
2192 1255 2220 1286 1.
2234 1263 2264 1287 e.
2278 1263 2324 1286 m.
2339 1254 2377 1286 in

772 1309 867 1340 Stain
895 1310 927 1340 et
943 1309 978 1339 in
996 1309 1127 1340 Isinina
1141 1311 1288 1341 monast.
1316 1309 1407 1346 abb„
1435 1309 1669 1342 constantien.
1698 1309 1759 1348 di.,
1779 1318 1817 1341 ac
1836 1317 1924 1349 mag.
1939 1308 2066 1341 Busolo
2080 1308 2122 1340 de
2147 1308 2282 1346 Parma,
2299 1316 2373 1341 can.

772 1362 958 1394 Tornacen.
978 1363 1071 1399 eccl„
1087 1363 1188 1403 Papae
1201 1372 1273 1404 cap.
1292 1363 1344 1403 (A.
1368 1364 1418 1402 18,
1437 1363 1461 1396 f.
1480 1364 1541 1395 280
1553 1369 1582 1400 ’³3
1605 1363 1641 1395 V.
1660 1365 1710 1401 74,
1729 1371 1781 1403 ep.
1798 1362 1886 1403 401.)

818 1413 954 1445 16883.
971 1435 1007 1439 -
1025 1417 1141 1448 Jaarmi
1154 1417 1221 1458 filio
1235 1427 1316 1459 may.
1331 1417 1487 1458 Stephani
1499 1417 1536 1448 de
1551 1416 1664 1458 Gyemo
1674 1426 1770 1457 prov.
1783 1425 1901 1448 canon.
1914 1416 1997 1448 eccl.
2011 1424 2040 1448 e.
2056 1415 2176 1448 Ursini
2188 1414 2374 1448 Bituricen.

772 1468 836 1500 sub
854 1478 948 1509 exsp.
975 1470 1092 1509 praeb.,
1111 1471 1241 1502 consid.
1261 1471 1376 1503 Caroli
1397 1471 1436 1502 F.
1456 1472 1489 1502 et
1505 1471 1548 1503 N.
1565 1471 1608 1503 R.
1624 1471 1704 1502 —L
1722 1479 1750 1502 e.
1768 1479 1816 1501 m.
1840 1471 1967 1501 decano
1988 1469 2169 1507 Parisien„
2189 1470 2223 1501 et
2246 1468 2373 1501 archid.

771 1523 971 1559 Bituricen.,
988 1532 1026 1555 ac
1044 1524 1213 1564 Audoyno
1231 1524 1377 1561 Alberti‚
1396 1534 1469 1556 can.
1486 1525 1632 1556 AEduen.
1652 1524 1734 1556 eccl.
1756 1525 1810 1563 (A.
1829 1525 1880 1562 18,
1896 1523 1920 1554 f.
1936 1524 1996 1555 243
2010 1528 2039 1560 ⁸3
2062 1522 2096 1555 V.
2117 1524 2168 1561 74,
2182 1531 2235 1563 ep.
2249 1522 2336 1563 407.)

817 1575 953 1607 16884.
970 1595 1009 1600 -
1029 1578 1189 1609 Bernardo
1202 1579 1300 1614 Petri,
1318 1579 1399 1610 cler.
1410 1579 1576 1611 sarlaten.
1591 1579 1652 1616 di.,
1667 1579 1777 1619 gratia
1789 1577 2008 1618 exsp.henef.
2025 1578 2066 1618 (c.
2079 1586 2108 1608 c.
2124 1577 2165 1608 80
2176 1577 2231 1608 vel
2243 1585 2272 1608 s.
2289 1585 2318 1608 c.
2335 1577 2377 1609 50

771 1631 793 1661 l.
813 1631 866 1670 t.),
885 1631 919 1661 in
939 1631 1030 1662 civit.
1051 1632 1104 1662 vel
1127 1632 1173 1662 di.
1192 1633 1339 1670 Uticen.‚
1363 1632 1487 1672 pertin.
1507 1632 1550 1663 ad
1572 1632 1684 1663 collat.
1710 1632 1779 1671 ep.i
1801 1632 1953 1669 Uticen.;
1970 1632 2170 1671 perpetuam
2189 1631 2303 1662 autem
2323 1629 2376 1661 vi·

771 1684 898 1714 cariam
914 1684 954 1715 de
972 1685 1199 1720 Ramatuella,
1227 1694 1254 1716 c.
1272 1694 1313 1723 c.‚
1337 1685 1544 1725 Forojulien.
1565 1685 1624 1723 di.,
1646 1694 1683 1716 ao
1714 1693 1749 1716 rx
1764 1685 1898 1716 modios
1927 1685 2026 1715 terrae
2054 1683 2212 1715 aratoriae
2240 1683 2276 1714 in
2291 1683 2372 1715 eccl.

771 1745 798 1767 s.
819 1737 917 1767 Pauli
934 1737 1072 1776 Maj0ris
1090 1737 1318 1778 Neapolitan.,
1337 1738 1406 1778 ipsi
1425 1739 1461 1769 in
1477 1738 1589 1770 benef.
1610 1739 1813 1778 assignatos,
1831 1737 1992 1769 dimittat.
2005 1753 2044 1760 —-
2063 1737 2091 1768 I.
2104 1746 2133 1768 e.
2150 1745 2196 1768 m.
2213 1745 2318 1777 praep.
2333 1737 2375 1768 de

770 1790 888 1820 Insula
901 1790 1105 1822 Cavallicen.
1125 1791 1183 1827 di.,
1202 1800 1239 1822 ac
1257 1791 1408 1823 Arnaldo
1424 1792 1466 1823 de
1482 1792 1634 1827 Petrilia,
1648 1792 1880 1828 Turonen.‚ac
1895 1790 2075 1822 Ramundo
2084 1790 2124 1821 de
2142 1789 2373 1828 columberio,

770 1843 1024 1874 Autisiodoren.
1043 1852 1115 1875 can.
1135 1845 1216 1877 eccl.
1234 1845 1285 1883 (A.
1307 1846 1356 1883 18,
1374 1845 1397 1876 f.
1412 1847 1471 1877 385
1486 1845 1516 1882 h;
1538 1845 1575 1876 V.
1591 1847 1641 1882 74,
1654 1853 1708 1884 ep.
1725 1844 1813 1884 552.)

817 1893 952 1924 16885.
974 1915 1012 1919 -
1025 1896 1176 1927 Her-berto
1196 1897 1356 1928 Eccerlini
1379 1907 1474 1937 prov.
1497 1907 1616 1929 canon.
1637 1898 1701 1929 sub
1716 1906 1812 1937 exsp.
1834 1897 1937 1936 praeh.
1958 1897 2038 1928 eccl.
2057 1896 2254 1936 Zovingen.,
2270 1896 2376 1928 Cons-

770 1949 911 1980 tantien.
931 1949 995 1987 di.;
1009 1959 1076 1981 non
1096 1950 1182 1981 obst.
1200 1952 1290 1990 quod
1305 1952 1347 1982 ad
1367 1952 1447 1983 eccl.
1465 1951 1600 1991 paroch.
1617 1951 1652 1982 in
1670 1951 1813 1988 Castris,
1832 1950 1968 1982 Curien.
1987 1950 2046 1986 di.,
2061 1950 2288 1990 praesentatus
2302 1949 2376 1982 fue—

770 2002 825 2032 rit.
844 2019 883 2024 —
898 2003 925 2034 I.
947 2011 976 2034 e.
994 2012 1039 2034 m.
1058 2004 1093 2034 in
1116 2004 1247 2035 Isinina
1265 2006 1297 2035 et
1316 2005 1351 2035 in
1374 2005 1470 2036 Stain
1490 2006 1636 2036 monast.
1653 2004 1742 2042 abb„
1766 2003 1999 2036 Constantien.
2016 2003 2076 2041 di.,
2094 2012 2132 2035 ac
2147 2002 2276 2035 cantori
2290 2003 2372 2035 eccl.

769 2055 905 2086 Curien.
927 2056 978 2094 (A.
997 2058 1046 2093 18,
1066 2056 1090 2087 f.
1107 2058 1166 2088 280
1183 2062 1211 2094 ⁸3
1235 2057 1268 2087 V.
1287 2060 1336 2094 74,
1356 2067 1408 2097 ep.
1428 2059 1514 2095 400.)
2231 2054 2235 2058 ”

816 2105 952 2137 16886.
970 2127 1008 2131 -
1039 2109 1143 2147 Vitali,
1161 2115 1234 2140 nato
1258 2110 1371 2141 Vitatis
1386 2111 1422 2142 de
1449 2110 1613 2142 Villanova
1630 2110 1710 2146 mil„
1726 2111 1864 2142 collatio
1891 2118 2024 2147 canon„
2041 2109 2146 2150 praeb.
2163 2111 2197 2141 et
2211 2109 2372 2150 praeposi-

769 2161 853 2192 turae
867 2164 1030 2193 mensatae
1045 2163 1086 2194 de
1102 2163 1301 2201 Castilione‚
1311 2164 1392 2196 eccl.
1409 2165 1614 2202 Gerunden.,
1630 2173 1702 2196 vac.
1717 2173 1778 2204 per
1793 2163 1873 2196 obit.
1888 2163 1979 2203 apud
1988 2163 2020 2194 S.
2033 2163 2074 2194 A.
2087 2163 2231 2195 ,Ioannis
2244 2162 2372 2203 Luppi;

771 2222 838 2245 non
856 2214 943 2246 obst.
961 2224 1080 2247 canon.
1104 2216 1168 2247 suh
1185 2225 1280 2257 exsp.
1299 2217 1416 2257 praeb.‚
1434 2218 1659 2257 praepositura
1676 2226 1736 2249 scu
1751 2218 1907 2249 mensata
1922 2217 1958 2248 in
1971 2215 2052 2248 eccl.
2068 2216 2255 2255 valentin„
2270 2217 2305 2248 et
2317 2223 2373 2247 an-

769 2276 837 2298 nua
858 2268 1023 2307 pensione
1040 2270 1080 2300 25
1103 2269 1163 2300 lib.
1181 2270 1310 2310 jaccen.
1334 2270 1376 2302 ab
1392 2280 1469 2311 ep.o
1487 2271 1687 2303 Tirasonen.
1713 2271 1782 2310 ipsi
1800 2270 1984 2311 assignata.
2006 2286 2044 2293 -
2070 2270 2096 2301 Ι.
2114 2278 2143 2302 e.
2158 2278 2206 2302 m.
2225 2270 2372 2301 monast.

768 2321 927 2360 Ageren.,
950 2321 1096 2353 Ilerden.
1116 2323 1175 2360 di.,
1204 2325 1237 2355 et
1266 2324 1381 2355 saecul.
1409 2333 1436 2355 s.
1455 2324 1582 2356 Felicis
1613 2325 1809 2356 Gerunden.
1837 2323 1928 2361 abb..
1953 2332 1991 2355 ac
2018 2322 2144 2355 archid.
2171 2323 2373 2355 Tarantonae

768 2373 913 2405 Ilerden.
931 2375 1011 2407 eccl.
1029 2376 1083 2416 (A.
1102 2378 1152 2414 19,
1168 2377 1190 2407 f.
1207 2379 1268 2409 463
1285 2382 1314 2415 ³3
1336 2377 1373 2409 V.
1396 2379 1447 2416 75,
1466 2386 1519 2418 ep.
1534 2379 1639 2417 1650.)

814 2424 948 2456 16887.
968 2446 1008 2450 -
1025 2428 1065 2459 Ν.
1083 2439 1111 2459 υ.
1129 2429 1291 2468 Eduardo,
1313 2431 1418 2461 comiti
1432 2431 1541 2469 Burri,
1562 2440 1654 2463 conc.
1682 2431 1783 2462 facul.
1805 2430 1951 2462 habendi
1966 2430 2072 2462 altare
2088 2429 2246 2470 portatile
2268 2437 2374 2470 supra

768 2480 859 2519 quod
877 2481 980 2512 etiam
997 2481 1033 2512 in
1059 2482 1144 2514 locis
1162 2482 1342 2515 interdicto
1369 2475 1558 2524 suppositis
1575 2493 1638 2525 pro
1656 2492 1704 2523 se,
1721 2492 1840 2521 uxore,
1863 2483 1983 2515 liberis
1998 2485 2032 2515 et
2053 2483 2161 2515 famil.
2178 2483 2264 2520 suis,
2278 2483 2372 2515 dum-

769 2533 869 2565 modo
894 2542 1033 2566 causam
1054 2535 1251 2576 hujusmodi
1277 2545 1345 2568 non
1367 2538 1523 2569 dederint
1552 2538 1746 2575 interdicto,
1777 2537 1943 2569 celebrari
1972 2537 2082 2569 facere
2102 2536 2224 2568 valeat.
2247 2535 2301 2575 (A.
2319 2537 2370 2575 18,

767 2585 791 2617 f.
808 2587 868 2618 246
886 2592 914 2623 ²3
940 2587 973 2619 V.
992 2589 1041 2626 74,
1061 2597 1113 2629 ep.
1132 2590 1219 2629 314.)

814 2637 949 2669 16888.
966 2659 1004 2664 -
1021 2641 1137 2672 loanni
1159 2642 1195 2673 de
1222 2643 1280 2674 Dei
1303 2643 1451 2675 Custodia
1474 2644 1587 2676 collat.
1607 2652 1724 2676 canon.
1744 2643 1825 2675 eccl.
1842 2643 2031 2675 virdunen.
2048 2643 2113 2674 suh
2128 2651 2226 2683 exsp.
2243 2642 2347 2683 proeb.
2359 2650 2370 2679 ς

767 2701 834 2723 non
849 2693 936 2725 obst.
955 2702 1072 2726 canon.
1096 2697 1129 2727 et
1148 2696 1250 2736 praeb.
1268 2697 1347 2728 eccl.
1375 2697 1410 2729 S.
1424 2698 1468 2729 M.
1489 2697 1696 2738 Magdalenae
1721 2697 1911 2729 Virdunen.
1928 2713 1967 2719 —
1986 2697 2012 2728 Ι.
2034 2706 2063 2728 e.
2085 2705 2130 2728 m.
2150 2705 2179 2728 s.
2203 2696 2372 2729 Mansueti

768 2746 915 2782 Tullen„
934 2748 967 2778 et
990 2748 1030 2779 de
1051 2748 1187 2786 Gorzia,
1211 2750 1336 2782 Meten.
1355 2751 1416 2788 di.,
1439 2753 1586 2782 monast.
1609 2750 1700 2788 abb„
1725 2759 1763 2782 ac
1785 2750 1913 2782 archid.
1938 2751 2060 2782 Meten.
2081 2751 2136 2791 (A.
2154 2751 2202 2788 18,
2222 2749 2245 2781 f.
2258 2750 2319 2782 246
2333 2755 2348 2772 ⁸
2359 2759 2369 2788 ;

773 2798 870 2837 11:14,
889 2808 942 2840 ep.
960 2802 1046 2840 413.)

812 2850 946 2883 16889.
968 2872 1004 2877 -
1019 2854 1146 2886 Ferrico
1170 2860 1243 2886 nato
1257 2867 1290 2887 n.
1305 2867 1336 2887 v.
1352 2857 1472 2888 Erardi
1497 2857 1534 2888 de
1551 2857 1654 2888 Barro
1672 2857 1810 2889 collatio
1833 2866 1952 2889 canon.
1971 2857 2035 2889 sub
2058 2865 2154 2897 exsp.
2169 2856 2273 2897 praeb.
2287 2857 2368 2889 eccl.

766 2905 927 2937 Leodien.
943 2925 981 2930 —
997 2907 1025 2939 1.
1039 2916 1068 2939 e.
1084 2917 1129 2939 m.
1154 2908 1230 2942 abb.
1249 2912 1396 2942 monast.
1414 2911 1455 2942 de
1476 2919 1504 2942 s.
1528 2911 1705 2946 Michaele,
1728 2911 1916 2942 Virdunen.
1946 2911 2006 2947 di.,
2023 2911 2057 2942 et
2078 2910 2205 2942 archid.
2229 2910 2368 2948 Meton„

754 2967 805 2994 .ac
822 2961 910 2992 cant.
929 2968 957 2992 s.
972 2960 1131 3001 Dionysii
1150 2962 1310 2995 Leodien.
1327 2964 1407 2996 eccl.
1427 2964 1482 3004 (A.
1499 2965 1547 3001 18,
1564 2964 1588 2996 f.
1605 2966 1665 2996 403
1679 2969 1708 3001 ·;
1729 2964 1766 2996 V.
1783 2966 1833 3002 74,
1849 2973 1902 3004 ep.
1915 2963 2004 3004 419.)
