2592 3528
0 1703 10 1734 vs·

455 349 707 382 APPENDICES
731 349 786 379 AD
809 348 1018 379 SEPTIMUM
1043 348 1236 379 BULLARII
1258 347 1432 378 JOANNIS
1455 347 1544 378 XXII
1567 347 1726 379 ANNUM.
1752 366 1790 371 -—
1812 348 2047 386 (1316-1334)
2205 350 2271 380 349.

247 649 323 684 fluv
341 648 420 684 non.)
436 648 489 683 feb.
510 647 598 675 1323.

239 810 257 838 5
272 812 356 838 mart.
380 808 466 842 1323,
481 808 539 836 ind.
553 808 611 840 VI¹=‚

255 853 376 881 Joannis
392 853 463 880 XXII
478 853 593 888 pontifi-

291 901 372 926 catus
391 906 467 926 anno
485 897 552 926 VII0.

301 1024 339 1051 12
355 1027 438 1051 mart.
462 1023 547 1051 1323.

239 1557 257 1584 5
274 1565 336 1592 apr.
362 1556 450 1588 1323,
471 1556 529 1584 ind.
552 1557 610 1583 VIfl.

319 1716 338 1743 6
356 1724 418 1751 apr.
441 1716 527 1744 1323.

239 1983 258 2010 8
277 1990 340 2018 apr.
363 1982 452 2014 1323,
472 1981 532 2010 ind.
550 1982 612 2016 v1=‚

259 2026 377 2054 Joannis
394 2027 464 2054 xxn
480 2026 595 2062 pontifi-

297 2073 379 2099 catus
395 2079 472 2098 anno
489 2071 558 2100 VII⁰.

274 2201 376 2228 natum
396 2196 578 2229 Avenione.

264 2249 282 2276 9
298 2253 327 2283 (ν
345 2250 398 2283 id.)
417 2258 478 2285 apr.
502 2249 589 2277 1323.

242 2357 259 2383 2
277 2355 335 2390 jul.
364 2356 450 2388 1323,
472 2355 532 2384 ind.
553 2355 612 2384 V1⁸.

267 2520 370 2547 Datum
401 2515 585 2549 Avenione.

310 2569 351 2596 26
366 2577 432 2603 auq.
454 2569 540 2598 1323.

241 2613 296 2649 (vu
308 2614 365 2641 kal.
376 2616 449 2649 sept.
461 2622 537 2641 anno
545 2614 614 2648 V110)

388 2676 424 2704 Ut
440 2684 464 2704 s.

275 2787 379 2814 Datum
397 2784 582 2817 Avem'one.

343 2836 424 2863 Anno
444 2836 513 2865 vw.

663 540 766 570 Bonae
783 538 823 568 de
840 537 997 568 Tincosis
1015 538 1055 568 de
1080 537 1183 573 Urbe,
1201 537 1310 568 viduae
1328 546 1359 568 n.
1378 546 1409 567 v.
1428 537 1589 576 Raynerii
1611 538 1703 568 Gatti
1720 538 1760 568 de
1776 537 1929 569 Viterbio
1947 539 2104 576 (Armario
2121 538 2156 576 C,
2171 539 2197 578 f.
2213 540 2265 575 31,

664 602 694 622 n.
717 594 771 627 10;
786 601 873 631 perq.
893 590 997 631 siqillo
1013 590 1088 621 dicti
1101 591 1164 630 ep.z'
1179 591 1356 629 munitum.)
1879 620 1881 622 ,

711 642 847 674 18177.
865 660 904 667 -
929 643 1062 674 Matthias
1079 643 1116 673 el.
1135 643 1307 682 Mayumin.
1324 643 1500 674 constituit
1523 644 1759 681 procuratores
1778 644 1835 683 qui
1855 653 1932 674 cum
1954 645 2140 676 camerario
2166 645 2266 685 Papae

664 699 868 738 componant
879 698 919 729 de
936 696 1101 728 fructibus
1116 696 1196 727 eccl.
1214 696 1401 736 Maguntin.
1412 696 1581 735 perceptis
1596 698 1747 736 tempore
1756 697 1942 727 vacationis
1958 699 1991 728 et
2003 707 2145 729 camerae
2157 700 2265 738 apost.

665 751 860 782 reservatis.
878 751 1035 789 (Armario
1056 750 1090 786 C,
1108 750 1186 789 fasc.
1204 751 1257 787 3⁴,
1277 760 1308 780 n.
1326 751 1345 780 6
1358 759 1366 787 ;
1381 750 1485 790 perq.)

713 802 848 834 18178.
866 822 904 827 -
931 794 1303 834 IlaimundusGuillelmi
1331 803 1368 833 de
1394 802 1510 840 Budos,
1537 803 1624 840 mil„
1644 803 1726 833 olim
1754 804 1863 834 rector
1887 804 2068 835 comitatus
2091 805 2267 842 Venecini,

666 858 837 890 submittit
860 867 896 889 se
914 857 1079 889 voluntati
1103 857 1245 888 Joannis
1264 857 1363 896 Papae
1379 856 1480 888 XXII
1498 857 1533 886 in
1555 856 1725 887 discordia
1740 858 1891 888 vertente
1908 857 2124 897 interipsum
2150 860 2182 889 et
2201 859 2267 889 Lu-

666 911 822 943 dovicum
845 911 885 943 de
908 912 1140 951 Petragrossa,
1164 911 1420 950 procuratorem
1442 910 1514 940 fisci
1535 911 1568 941 et
1586 918 1727 941 camerae
1750 909 1862 949 Papae,
1887 919 1990 950 super
2008 911 2196 942 redditione
2215 920 2268 942 ra-

665 965 797 996 tionum
813 965 893 995 dicti
911 964 1104 995 comitatus.
1125 965 1160 1003 (A
1169 964 1284 994 rmario
1305 963 1340 999 C,
1358 963 1437 1003 fasc.
1457 965 1508 1000 23,
1527 973 1558 994 n.
1580 964 1620 998 83
1640 965 1747 1003 perq.)

714 1015 846 1047 18179.
873 1035 910 1040 -
926 1018 1087 1048 Instrum.
1108 1019 1219 1048 actum
1238 1017 1436 1054 Beneventi,
1462 1025 1549 1047 anno
1571 1017 1660 1054 1323,
1679 1017 1896 1055 pontificatus
1912 1018 2054 1048 Joannis
2078 1018 2177 1049 XXII
2195 1027 2270 1058 sep-

666 1072 762 1108 timo,
778 1071 833 1103 die
851 1072 889 1102 12
910 1071 1037 1108 martii,
1055 1071 1126 1101 ind.
1142 1076 1202 1108 via,
1222 1079 1288 1110 quo
1304 1070 1468 1101 Mathaeus
1485 1070 1590 1100 abbas
1606 1072 1751 1102 monast.
1771 1079 1799 1101 s.
1817 1070 1985 1101 Theodori
2000 1071 2168 1108 Gaietan.,
2188 1071 2271 1103 olim

666 1125 925 1156 administrator
949 1126 1093 1155 monast.
1112 1124 1304 1161 cassinen,
1331 1133 1349 1154 a
1367 1123 1553 1155 Guillelmo
1572 1124 1612 1154 de
1628 1123 1767 1154 Balaeto
1790 1124 1919 1155 rectore
1937 1124 2086 1155 civitatis
2100 1125 2273 1156 Beneven-

665 1179 752 1209 tanae
776 1179 902 1209 carceri
925 1178 1140 1218 mancipatus
1156 1177 1235 1217 quia
1260 1178 1295 1208 In
1319 1177 1488 1208 reddenda
1508 1177 1639 1208 ratione
1664 1177 1856 1208 administr.
1877 1186 1957 1215 suae,
1977 1179 2111 1217 reperto
2130 1178 2220 1218 quod
2235 1178 2271 1210 in

665 1233 725 1263 333
743 1232 864 1269 unciis,
884 1233 921 1263 15
935 1231 1063 1262 tarenis
1077 1233 1110 1262 et
1124 1233 1143 1262 5
1156 1231 1284 1271 granis,
1302 1231 1335 1262 in
1349 1230 1487 1262 florenis
1503 1230 1617 1261 aureis
1632 1231 1869 1270 computandis
1882 1232 1900 1261 5
1913 1239 1973 1270 pro
1991 1231 2143 1271 qualibet
2158 1232 2269 1269 uncia,

664 1294 806 1316 camerae
825 1285 1018 1325 apostolicae
1031 1284 1222 1321 tenebatur,
1235 1284 1359 1316 dictam
1375 1292 1545 1315 summam
1562 1285 1689 1315 statuto
1705 1284 1736 1315 ei
1750 1284 1896 1315 termino
1910 1293 1976 1315 non
1993 1285 2107 1323 solvit,
2121 1285 2161 1316 de
2178 1294 2272 1316 man·

664 1339 753 1370 datis
772 1339 872 1379 Papae
891 1339 957 1370 eid.
976 1339 1110 1376 rectori,
1130 1339 1164 1369 et
1179 1338 1378 1369 vicerectori
1401 1346 1438 1369 ac
1454 1337 1606 1368 thesaur.
1626 1337 1735 1377 ejusd.
1759 1338 1851 1368 civit.
1869 1338 1915 1377 (vi
1936 1338 1982 1368 id.
2002 1337 2088 1369 febr.
2108 1343 2140 1370 a⁰
2156 1343 2204 1369 v1⁰
2220 1339 2271 1370 di-

665 1393 778 1431 rectis)
796 1392 947 1423 libertati
965 1392 1145 1423 restitutus
1159 1394 1222 1426 est,
1240 1390 1502 1431 fidejussoribus
1519 1391 1606 1422 datis
1623 1391 1713 1430 quod
1730 1391 1855 1422 dictam
1872 1400 2042 1422 summam
2063 1392 2271 1431 quamcitius

665 1447 822 1478 solveret.
842 1446 1000 1485 (Ar-mario
1016 1445 1051 1480 C,
1066 1445 1145 1485 fasc.
1162 1446 1193 1482 4,
1213 1455 1242 1474 η.
1260 1445 1280 1476 8
1293 1454 1302 1482 3
1317 1454 1403 1485 perq.
1422 1454 1565 1484 maynum
1580 1453 1618 1474 επ
1637 1454 1695 1484 quo
1708 1444 1823 1485 pendet
1837 1444 1921 1474 bulla
1934 1444 2076 1484 plumbea
2093 1446 2125 1475 in
2144 1445 2197 1479 filo
2216 1455 2269 1476 ca-

665 1501 768 1540 napis,
787 1499 917 1530 scilicet
932 1508 948 1529 «
966 1499 1059 1530 bulla
1075 1499 1226 1530 Romane
1243 1498 1385 1530 ecclesie
1401 1507 1467 1538 qua
1484 1497 1658 1529 bullantur
1676 1498 1904 1529 instrumenta
1923 1498 1957 1529 in
1978 1499 2184 1531 Benevento.
2204 1510 2218 1529 »

711 1550 846 1583 18180.
864 1571 901 1576 -
915 1552 1053 1583 ,llatlzias
1070 1551 1108 1583 el.
1127 1552 1303 1591 Maqunein.
1319 1551 1484 1591 approbat
1502 1551 1742 1591 obligationem
1757 1552 1871 1583 30.000
1885 1552 1958 1582 flor.
1978 1552 2052 1583 auri
2070 1553 2110 1583 de
2131 1552 2271 1584 Floren-

664 1607 712 1638 tia
738 1607 860 1638 factam
876 1615 990 1637 coram
1015 1606 1202 1637 camerario
1226 1606 1325 1645 Papae
1342 1613 1404 1644 pro
1427 1604 1594 1636 fructibus
1610 1605 1692 1635 eccl.
1709 1605 1898 1645 Maguntin.
1922 1606 2091 1645 perceptis
2117 1607 2272 1646 tempore

665 1660 853 1691 vacationis
868 1660 974 1690 illius.
994 1659 1152 1699 (Ar-mario
1169 1659 1204 1695 C,
1220 1659 1297 1698 fasc.
1313 1659 1363 1693 34,
1381 1669 1411 1688 η.
1427 1661 1460 1695 7;
1473 1661 1578 1699 per-9.)

713 1711 848 1743 18181.
866 1731 903 1736 -—
926 1713 1087 1744 Instrum.
1108 1712 1352 1752 publicationis
1369 1712 1435 1743 litt.
1452 1711 1566 1752 Anqeli
1590 1711 1756 1741 Tuscanen.
1776 1716 1804 1742 et
1833 1711 1994 1742 Viterbien.
2013 1713 2077 1753 ep.i
2101 1713 2143 1743 ad
2161 1714 2270 1745 custo-

666 1768 741 1799 dem
759 1769 792 1798 et
807 1767 1031 1807 guardianum
1049 1775 1144 1797 conv.
1170 1766 1210 1798 Ο.
1225 1766 1263 1796 F.
1284 1766 1328 1796 M.
1356 1774 1383 1796 s.
1403 1765 1578 1796 Francisci
1603 1766 1643 1796 de
1661 1765 1815 1796 Viterbio
1838 1767 1874 1796 ut
1890 1766 2073 1797 exhument
2094 1766 2270 1804 Imeldam,

666 1829 806 1854 uxorem
822 1820 947 1860 quond.
967 1829 1000 1850 n.
1018 1829 1049 1850 v.
1071 1819 1218 1859 Peponis
1233 1819 1273 1850 de
1291 1819 1427 1850 civitate
1445 1818 1617 1858 praedicta,
1636 1819 1980 1855 excommunicatam
1998 1828 2073 1859 quae
2086 1819 2272 1859 publicatio

666 1875 781 1906 habita
799 1877 851 1905 est
867 1874 901 1904 in
917 1874 991 1905 loco
1007 1873 1147 1913 capituli
1166 1873 1405 1912 praedictorum
1425 1872 1581 1903 fratrum.
1598 1871 1756 1911 (Armario
1774 1871 1810 1910 C,
1826 1872 1904 1912 fasc.
1921 1874 1972 1910 69,
1990 1883 2023 1902 η.
2041 1875 2079 1909 7;
2098 1882 2185 1914 perq.
2205 1883 2273 1904 cum

664 1929 748 1970 petia
763 1938 862 1969 par-va
877 1927 1039 1958 carthae-ea
1055 1926 1149 1957 eidem
1167 1926 1288 1967 ylutino
1300 1926 1438 1966 juncta.)

713 1979 849 2011 18182.
868 1999 904 2004 ——
919 1981 1092 2012 Sententia
1113 1979 1254 2013 Az'cardi,
1267 1980 1419 2020 archiep.i
1432 1978 1639 2011 Mediolanen.
1659 1983 1687 2009 et
1706 1980 1924 2020 inquisitorum
1944 1979 2093 2010 lnoereticae
2104 1981 2275 2021 pravitatis

667 2035 699 2065 in
715 2034 902 2067 Lombardia
921 2035 1079 2074 superiore
1096 2035 1213 2064 contra
1229 2033 1410 2064 Mathaeum
1430 2033 1470 2064 de
1488 2032 1756 2064 Vicecomitibus
1773 2033 1913 2073 ejusque
1933 2033 2035 2070 filios,
2057 2035 2274 2066 contumaces

667 2091 698 2120 et
711 2088 898 2125 haereticos,
920 2088 1019 2127 juxta
1040 2087 1299 2127 inquisitionem
1317 2086 1469 2117 habitam
1485 2086 1525 2117 de
1541 2086 1654 2116 mand.
1671 2086 1772 2125 Papae
1793 2087 1873 2126 (xvu
1890 2086 1959 2117 kal.
1971 2086 2041 2126 Jan.
2060 2091 2092 2118 a⁰
2111 2092 2183 2125 vi⁰).
2201 2089 2276 2126 (Ar-

668 2142 764 2172 mario
782 2141 907 2181 C‚fasc.
924 2142 974 2178 42,
995 2151 1026 2170 n.
1047 2142 1099 2175 17;
1122 2141 1227 2180 perq.)

715 2192 849 2224 18183.
868 2213 905 2217 —-
921 2195 1012 2234 Papa
1029 2194 1176 2224 Pontium
1199 2193 1236 2223 de
1257 2192 1500 2229 Podiobarzaco,
1518 2194 1683 2223 rectorem
1702 2193 1905 2224 Patrimonii
1920 2192 1952 2225 b.
1971 2193 2064 2224 Petri
2083 2194 2118 2225 in
2136 2194 2274 2230 Tuscia,

669 2250 809 2289 deputat
823 2249 857 2279 in
875 2250 1038 2279 rectorem
1055 2248 1157 2278 castri
1175 2249 1207 2278 et
1230 2246 1358 2278 rocchae
1380 2246 1554 2284 Mirandae‚
1574 2246 1615 2277 ad
1632 2247 1672 2277 R.
1690 2246 1728 2277 E.
1747 2246 1869 2285 pertin.
1891 2246 2050 2286 (Armario
2068 2247 2103 2283 C,
2123 2247 2202 2287 fasc.
2223 2249 2273 2286 13,

669 2314 699 2334 n.
716 2305 853 2342 4;pe7·9.
874 2310 1051 2340 corrosum:
1070 2300 1129 2332 cfr.
1149 2310 1180 2332 n.
1199 2300 1324 2339 18113.)

716 2353 851 2385 18184.
873 2373 909 2378 --
926 2355 1081 2387 Amelius
1099 2354 1256 2386 Marchiae
1280 2353 1482 2385 Anconitan.
1502 2353 1653 2393 publicat
1670 2353 1736 2384 litt.
1757 2354 1864 2393 apost.
1883 2354 1973 2394 (Dat.
1989 2354 2176 2391 Avenione,
2194 2363 2272 2385 non.

666 2411 739 2451 jun.
757 2418 845 2440 anno
862 2410 936 2448 v110)
953 2408 1165 2439 continentes
1184 2407 1394 2438 conditiones
1411 2406 1536 2446 quibus
1559 2407 1724 2442 Firmani,
1742 2407 1784 2437 ad
1801 2404 2030 2438 obedientiam
2046 2408 2087 2439 R.
2103 2408 2142 2439 E.
2163 2407 2275 2439 redire

669 2464 857 2504 cupienteS,
875 2461 981 2502 recipi
997 2462 1167 2501 poterunt.
1185 2460 1346 2501 (Armario
1365 2460 1399 2496 C,
1416 2461 1496 2499 fasc.
1514 2461 1565 2497 48,
1584 2470 1615 2491 n.
1637 2462 1651 2490 1
1664 2469 1672 2497 ;
1687 2460 1792 2500 perq.)

716 2513 851 2546 18185.
866 2534 904 2539 —
929 2516 1021 2555 Papa
1038 2515 1175 2546 mandat
1195 2513 1315 2555 populo
1339 2514 1420 2544 civit.
1438 2517 1467 2544 et
1489 2513 1531 2544 di.
1560 2513 1717 2544 Massilien
1743 2515 1779 2545 ut
1805 2514 2014 2545 Ademarum
2042 2516 2276 2547 succentorem

669 2570 748 2602 eccl.
771 2569 917 2606 AIbien..
942 2577 1002 2608 per
1028 2569 1142 2608 ipsum
1168 2568 1203 2598 in
1231 2576 1346 2607 ep.um
1370 2567 1560 2598 Massilien.
1586 2567 1643 2604 el.,
1670 2567 1790 2598 devote
1819 2567 2020 2607 suscipiant.
2047 2568 2206 2606 (Armario
2238 2567 2274 2605 C,

667 2624 745 2664 fasc.
766 2624 815 2660 29,
840 2633 871 2654 n.
893 2625 925 2660 1;
939 2632 1029 2663 perq.
1050 2632 1117 2652 cum
1136 2621 1220 2651 bulla
1234 2620 1380 2662 plumbea
1399 2630 1414 2651 e
1429 2619 1485 2660 filo
1503 2621 1630 2661 canapis
1644 2620 1797 2661 pendente
1808 2631 1820 2660 ;
1840 2621 1901 2652 cfr.
1926 2630 1959 2652 n.
1983 2623 2109 2660 17986.)

716 2674 851 2707 18186.
868 2695 905 2699 —
922 2677 948 2707 I.
967 2685 995 2707 e.
1023 2684 1068 2707 m.
1101 2674 1182 2706 clero
1206 2675 1290 2705 civit.
1310 2679 1339 2704 et
1365 2673 1410 2704 di.
1436 2673 1606 2705 Massilien.
1630 2674 1792 2715 (Ar-mario
1822 2674 1857 2712 C,
1883 2675 1963 2714 fasc.
1989 2676 2039 2712 29,
2063 2685 2094 2705 η.
2122 2676 2158 2711 2;
2185 2684 2273 2715 perq.

670 2730 749 2761 idem
765 2740 802 2761 ae
819 2740 915 2771 supra
933 2729 1137 2770 descriptum‚·
1155 2728 1214 2759 cfr.
1235 2737 1267 2759 n.
1288 2729 1414 2763 17986.)

717 2781 852 2814 18187.
866 2801 904 2806 -
920 2784 1012 2823 Papa
1028 2783 1167 2814 mandat
1180 2782 1293 2812 rectori
1316 2781 1463 2812 Marclziae
1481 2781 1667 2813 Anconitan.
1689 2781 1823 2813 mandat
1840 2783 1876 2813 ut
1893 2782 2051 2821 procedat
2069 2783 2185 2813 contra
2198 2781 2274 2812 Fir-

671 2846 789 2868 manos
814 2839 846 2868 et
870 2837 1032 2868 valitores
1048 2845 1178 2872 eorum,
1205 2836 1262 2876 qui
1281 2836 1318 2866 E.
1335 2835 1377 2867 R.
1405 2834 1564 2866 fidelibus
1582 2834 1680 2874 plura
1706 2835 1829 2866 damna
1850 2835 2039 2876 intulerunt
2061 2836 2093 2865 et
2112 2834 2273 2865 inferunt.

673 2891 834 2928 (Armario
852 2889 887 2928 C,
905 2890 983 2929 fasc.
999 2891 1051 2926 65,
1066 2900 1097 2920 η.
1113 2892 1130 2920 7
1142 2899 1149 2926 ;
1160 2899 1249 2930 perq.
1266 2888 1447 2919 humiditate
1463 2887 1673 2928 labefactum.)
