2592 3528
358 345 396 374 78

386 430 488 457 Datum
515 424 696 458 Avenione.

394 643 407 668 Ι
426 639 508 675 (kal.)
524 648 585 675 apr.
604 640 690 668 1322.

391 686 437 712 Gr.
455 692 505 719 pro
527 692 590 719 nep.
612 685 690 712 card.

502 1010 537 1037 Ut
555 1018 578 1036 s.

474 1055 504 1081 T.
526 1053 606 1081 XXX.

355 1434 373 1461 11
392 1435 426 1469 (Π
450 1433 530 1468 non.)
553 1441 614 1468 apr.
637 1432 723 1460 1322.

474 1478 504 1505 T.
522 1478 600 1504 Lxx.

386 1753 403 1779 5
418 1751 510 1787 (non.)
524 1759 585 1786 apr.
604 1751 690 1779 1322.

385 1796 431 1823 Gr.
450 1796 485 1822 de
504 1796 602 1823 mand.
619 1796 691 1823 vice-

448 1840 624 1868 cancellarii.

501 1911 537 1939 Ut
553 1919 576 1938 s.

474 1956 504 1983 T.
526 1955 596 1982 XVI.

364 2335 382 2361 6
396 2335 460 2368 (v111
474 2334 525 2367 id.)
539 2344 601 2371 apr.
621 2336 707 2364 1322.

391 2379 422 2406 T.
439 2380 473 2406 xl
494 2381 536 2414 ¹12,
556 2381 674 2415 xl11112.

498 2706 535 2734 Ut
551 2715 574 2734 s.

445 2749 475 2777 T.
494 2751 540 2785 xi,
559 2751 630 2779 xm.

363 2917 380 2944 7
398 2918 452 2951 (vn
469 2917 520 2954 id.)
537 2926 598 2954 apr.
620 2920 706 2948 1322,

480 2962 511 2990 Τ.
533 2963 588 2991 ΧΧ.

757 337 930 369 JOANNIS
955 337 1072 368 PAPAE
1095 336 1196 366 XXII.
1222 335 1470 373 (1316-1334).
1493 349 1531 354 —
1554 332 1740 362 LITTERAE
1763 331 1988 363 COMMUNES

784 527 928 557 monast.
948 523 1161 559 Bonaevallis,
1180 522 1370 554 Ruthenen.
1391 521 1450 557 di.,
1468 521 1501 551 et
1516 519 1710 551 Raimundo
1730 520 1886 558 Juvenis,
1906 521 2042 552 scolast.
2061 521 2327 562 Petragoricen.,
2346 531 2385 554 ac

782 579 925 610 Andrcae
942 578 995 608 del
1012 576 1204 612 Beschairo,
1219 583 1291 606 can.
1312 574 1552 613 Famagustan.
1571 573 1652 604 eccl.
1669 572 1721 611 (A.
1740 574 1788 611 16,
1805 573 1827 604 s.
1845 575 1906 606 399
1918 573 1952 611 ¹³3
1977 573 2010 604 V.
2028 576 2080 612 73,
2097 583 2150 615 ep.
2166 576 2252 614 644.)

829 628 963 660 15251.
986 647 1022 652 -
1037 628 1181 660 Collatio
1207 627 1385 658 archidiac.
1407 626 1447 657 de
1473 625 1634 666 Maj0rica
1652 627 1684 657 et
1704 634 1823 658 canon.
1842 635 1881 658 ac
1898 626 2001 667 praeb.
2021 626 2102 659 eccl.
2125 628 2308 668 Legionen.
2324 637 2384 668 per

782 685 965 715 consecrat.
978 682 1132 718 JoanniS‚
1146 680 1307 719 archiepi
1323 679 1570 717 Panormitam,
1582 687 1667 715 vac„
1680 679 1964 719 contemplatione
1974 680 2185 721 Napoleonis
2199 689 2226 712 s.
2241 681 2384 713 Adriani

782 738 865 768 diac.
887 736 988 772 card„
1008 733 1158 764 Rainaldo
1175 734 1209 763 de
1225 732 1299 769 filiis
1325 732 1395 763 Ursi
1410 731 1447 762 de
1467 731 1557 770 Urbe,
1580 732 1689 772 ipsius
1707 741 1796 772 nep„
1818 733 1877 773 qui
1892 733 2140 766 thesaurariam
2157 734 2240 766 eccl.
2265 734 2384 766 Tholo-

782 792 849 821 tan.
868 789 990 819 dimitt.
1010 789 1162 822 tenetur,
1182 795 1248 816 non
1272 785 1359 816 obst.
1385 794 1504 816 canon.
1523 786 1556 816 et
1575 785 1677 824 praeb.
1696 785 1730 816 in
1747 785 1892 817 basilica
1908 786 2075 827 principis
2093 787 2325 827 apostolorum
2342 787 2384 819 de

783 842 885 878 Urbe,
902 842 935 872 in
952 841 1118 878 Toletan„
1133 839 1296 876 Paduan„
1315 841 1347 870 et
1362 847 1390 870 s.
1406 839 1546 870 Nazarii
1560 838 1785 870 Mediolanen.
1809 839 1891 871 eccl.
1910 857 1947 862 —-
1960 840 1987 871 I.
2005 849 2036 871 e.
2055 849 2100 872 m.
2119 849 2195 880 ep.o
2222 841 2382 881 Burgen„

782 897 813 927 et
842 895 917 926 abb.
935 895 1080 924 monast.
1110 902 1136 922 s.
1158 892 1308 923 Facundi
1335 891 1531 932 Legionem,
1550 893 1583 923 et
1599 892 1794 932 Adinulpho
1812 892 1853 924 de
1878 892 2021 933 Supino,
2049 893 2176 925 archid.
2206 895 2327 926 Baren.
2348 894 2383 925 in

781 947 1059 986 ecc1.Legionen.
1075 946 1129 986 (A.
1154 947 1203 982 16,
1222 945 1244 975 f.
1261 946 1320 976 372
1337 950 1349 966 ⁸
1365 946 1397 976 et
1411 947 1470 977 376
1487 944 1518 983 ὓς
1543 944 1579 976 V.
1598 947 1648 982 73,
1666 954 1717 985 ep.
1735 947 1820 984 649.)

828 997 962 1030 15252.
978 1017 1016 1022 -
1034 1000 1057 1030 Α
1065 998 1111 1029 bb.
1127 1002 1255 1029 monast.
1280 998 1462 1036 Luxovien„
1486 998 1641 1029 Bisuntin.
1660 998 1718 1035 di.,
1742 1003 1770 1029 et
1786 998 1900 1030 decano
1927 999 2100 1037 Bisunlin„
2121 1009 2157 1030 ac
2172 1010 2252 1041 may.
2269 1000 2382 1041 Raym·

780 1053 870 1083 baldo
889 1052 925 1083 de
948 1052 1134 1092 Scarampis,
1154 1061 1223 1082 can.
1240 1051 1412 1091 Linyonaen.
1431 1050 1518 1089 eccl.,
1536 1051 1650 1083 mand.
1671 1054 1708 1083 ut
1734 1051 1909 1091 publicent
1932 1052 2181 1084 revocationem
2200 1061 2331 1084 excom.
2349 1053 2384 1084 et

779 1106 951 1137 interdicti
969 1105 1215 1136 sententiarum
1241 1106 1355 1136 contra
1370 1104 1522 1144 priorem
1546 1106 1579 1136 et
1594 1104 1783 1144 prioratum
1797 1106 1943 1136 monast.
1961 1114 1988 1136 s.
2013 1105 2155 1137 Antonii
2173 1105 2214 1137 de
2228 1105 2380 1146 Frigido·

779 1160 906 1195 monte,
925 1158 963 1190 Ο.
982 1159 1016 1190 S.
1034 1159 1088 1196 B.‚
1104 1158 1276 1189 Bisuntin.
1294 1157 1355 1195 di.,
1375 1158 1411 1188 in
1430 1166 1496 1198 quo
1515 1166 1638 1198 corpus
1661 1158 1769 1197 ejusd.
1797 1166 1825 1189 s.
1842 1158 1983 1190 Antonii
2006 1159 2220 1199 requiescere
2245 1158 2381 1197 dicitur,

779 1221 838 1251 per
851 1212 984 1252 judices
998 1213 1253 1243 conservatores
1267 1211 1310 1242 ab
1323 1211 1363 1242 A.
1375 1211 1408 1243 S.
1423 1211 1603 1251 deputatos
1617 1211 1777 1248 latarum,
1789 1211 1831 1242 ad
1846 1211 2046 1244 instantiam
2062 1211 2139 1243 abb.
2152 1214 2185 1244 et
2202 1220 2297 1244 conv,
2311 1220 2382 1247 mo-

780 1267 866 1296 nast.
885 1274 912 1296 s.
932 1265 1084 1302 Antonii,
1104 1265 1145 1296 ad
1168 1265 1209 1296 R.
1227 1265 1265 1295 E.
1285 1265 1380 1296 nullo
1401 1265 1515 1296 medio
1533 1265 1670 1305 pertin.,
1695 1265 1734 1297 Ο.
1753 1264 1787 1296 S.
1807 1265 1862 1303 A„
1880 1265 2048 1297 Viennen.
2077 1265 2135 1303 di.,
2154 1264 2383 1297 asserentium

779 1319 829 1350 eis
848 1319 918 1349 fore
937 1327 998 1358 per
1023 1318 1242 1358 privilegium
1259 1318 1406 1358 speciale
1434 1317 1476 1349 ab
1492 1319 1532 1350 A.
1550 1317 1584 1350 S.
1603 1327 1802 1358 concessum
1818 1320 1856 1350 ut
1873 1318 1990 1350 nullus
2005 1318 2070 1350 sub
2090 1318 2255 1350 vocabulo
2270 1327 2298 1350 s.
2314 1318 2383 1351 An-

779 1372 866 1403 tonii
883 1372 1048 1403 Viennen.
1068 1372 1179 1411 possit
1194 1372 1432 1412 eleemosynas
1449 1371 1583 1412 publice
1601 1371 1788 1411 postulare.
1800 1372 1851 1408 (A.
1869 1374 1918 1408 16,
1935 1372 1958 1403 f.
1973 1373 2034 1404 426
2049 1372 2084 1410 ¹³3
2105 1371 2141 1403 V.
2159 1374 2209 1407 73,
2229 1380 2282 1412 ep.
2297 1372 2383 1411 694.)

826 1422 960 1454 15253.
977 1443 1015 1448 -
1031 1426 1118 1466 Ep.o
1133 1425 1305 1457 Bononien.
1323 1425 1436 1456 mand.
1454 1427 1491 1456 ut
1510 1425 1689 1456 absolvant
1702 1433 1734 1456 n.
1752 1434 1784 1456 v.
1801 1425 1926 1457 Pinum
1943 1425 1984 1457 de
2002 1426 2135 1463 Latosa,
2153 1425 2226 1458 mil.
2243 1425 2384 1457 Floren-

778 1479 853 1515 tin.,
871 1478 912 1510 ab
930 1488 1061 1510 excom.
1078 1488 1138 1519 per
1161 1488 1239 1511 eum
1254 1479 1403 1510 incursis
1420 1487 1461 1510 ex
1483 1487 1522 1510 eo
1538 1479 1639 1518 quod,
1658 1479 1740 1510 dum
1756 1488 1817 1519 pro
1832 1479 1871 1510 Ε.
1888 1479 1929 1510 R.
1946 1478 2097 1510 civitatis
2120 1478 2312 1511 Ferrarien.
2331 1487 2383 1511 re-

778 1533 898 1573 gimini
914 1533 1122 1572 praesideret,
1141 1533 1332 1564 Ferrarien.
1349 1541 1463 1572 ep.um
1479 1531 1738 1563 subversionem
1753 1532 1904 1563 civitatis
1913 1533 2115 1564 tractantem
2129 1532 2170 1564 de
2185 1532 2383 1572 episcopatu

779 1587 922 1626 eiecerat
938 1587 969 1617 et
985 1586 1102 1625 plures
1119 1586 1159 1617 de
1178 1586 1280 1621 clero,
1293 1587 1362 1617 tam
1378 1585 1457 1616 cler.
1476 1594 1576 1625 quam
1590 1585 1717 1625 presb.,
1736 1587 1768 1616 et
1784 1585 1968 1616 monachos
1983 1585 2186 1625 proditores,
2206 1585 2293 1616 alios
2309 1594 2384 1616 sus—

778 1640 902 1679 pendio
921 1640 1020 1676 tradi,
1047 1639 1133 1670 alios
1155 1639 1307 1679 torqueri
1327 1640 1359 1670 et
1378 1638 1544 1670 carcerari
1566 1638 1702 1675 fecerat,
1718 1640 1750 1670 et
1768 1638 1848 1670 eccl.
1863 1647 1891 1670 s.
1908 1639 2002 1670 Petri
2021 1638 2062 1669 de
2078 1638 2252 1676 Calcunia‚
2270 1639 2383 1670 Pisto-

778 1694 862 1724 rien.
879 1693 938 1729 di.,
955 1692 1200 1724 combusserat.
1219 1694 1272 1730 (Α.
1292 1694 1340 1730 16,
1361 1692 1383 1723 f.
1401 1694 1461 1724 319
1476 1697 1503 1728 ·;
1529 1691 1562 1723 V.
1583 1694 1632 1730 73,
1651 1701 1704 1731 ep.
1725 1693 1810 1731 595.)

825 1743 1013 1775 15251-
1042 1746 1158 1777 Facul.
1184 1746 1332 1777 testandi
1356 1745 1489 1777 Gnidoni
1512 1755 1582 1786 ep.o
1608 1746 1713 1776 Astera.
1741 1754 1912 1777 concessa.
1941 1746 1994 1785 (A.
2021 1747 2070 1783 16,
2095 1745 2118 1778 f.
2139 1746 2198 1777 388
2216 1745 2250 1782 ¹²3
2279 1745 2314 1777 V.
2331 1747 2382 1782 73,

777 1810 829 1840 ep.
850 1802 934 1838 598.)

823 1905 958 1937 15255.
979 1926 1014 1931 -
1030 1907 1115 1948 Ep.o
1130 1906 1271 1939 Cervien.
1288 1907 1400 1938 mand.
1418 1908 1455 1938 ut
1472 1906 1650 1938 absolvant
1668 1906 1709 1937 ab
1724 1914 1854 1938 excom.
1870 1915 1931 1946 per
1945 1915 1979 1937 n.
1995 1915 2027 1937 v.
2043 1906 2245 1938 Hostasium
2261 1906 2302 1938 de
2318 1906 2383 1938 Po-

777 1962 878 1998 lenta,
899 1963 1103 2001 potestatem
1119 1961 1249 1992 Cerviae
1267 1969 1327 2000 per
1343 1961 1508 1992 rectorem
1523 1960 1706 2000 provinciae
1721 1959 1949 1991 Romandiolae
1961 1960 2172 1999 deputatum,
2189 1959 2327 1991 incursa
2339 1968 2383 1991 ex

777 2024 816 2046 eo
835 2016 925 2055 quod
940 2014 1148 2046 Joanninum
1171 2015 1243 2045 ord.
1260 2014 1299 2045 F.
1314 2014 1358 2045 M.
1376 2015 1579 2053 apostatam,
1603 2015 1636 2044 et
1654 2013 1799 2053 archipr.
1818 2012 1930 2053 plebis
1947 2021 1974 2044 s.
1995 2012 2186 2053 Laurentii,
2203 2012 2383 2045 Ravenna-

776 2070 844 2100 ten.
864 2068 923 2104 di.,
942 2069 1067 2099 dictam
1090 2068 1181 2099 civit.
1201 2067 1355 2099 Cervien.
1375 2067 1409 2098 in
1432 2066 1591 2098 manibus
1607 2066 1703 2097 Cecci
1722 2066 1763 2098 de
1789 2066 1984 2104 Ordelaffis,
2002 2066 2184 2106 potestatis
2207 2066 2300 2098 civit.
2319 2067 2382 2098 Fo-

777 2122 903 2158 rolivii,
924 2122 982 2161 qui
1000 2122 1075 2152 ideo
1098 2122 1306 2152 armatorum
1332 2120 1551 2151 multitudine
1577 2121 1778 2160 congregata
1803 2120 1948 2151 latenter
1975 2120 2177 2157 accesserat,
2194 2119 2382 2159 proditorie

776 2176 909 2206 tradere
923 2175 1161 2215 procurantem
1181 2176 1212 2205 et
1228 2175 1262 2205 in
1276 2173 1480 2213 proditionis
1495 2174 1583 2205 serie
1599 2173 1817 2204 vacillantem
1835 2173 1914 2204 fecit
1931 2174 2061 2213 septem
2077 2173 2132 2204 vel
2157 2175 2232 2204 octo
2247 2172 2382 2204 vicibus

776 2228 1025 2268 quaestionibus
1045 2230 1294 2259 tormentorum
1308 2227 1444 2267 exponi,
1462 2236 1529 2258 non
1547 2226 1664 2257 valens
1679 2227 1777 2258 aliter
1792 2235 1993 2266 cognoscere
2013 2226 2218 2266 proditores,
2243 2227 2382 2266 propter

777 2291 920 2322 quorum
940 2281 1157 2313 acerbitatem
1180 2281 1360 2321 expiravit.
1375 2281 1428 2321 (A.
1449 2282 1497 2317 16,
1517 2280 1539 2311 f.
1559 2281 1620 2312 392
1634 2285 1663 2317 ⁸3
1686 2280 1723 2311 V.
1741 2281 1791 2317 73,
1808 2288 1860 2320 ep.
1878 2279 1964 2319 614.)

823 2332 957 2365 15256.
974 2353 1013 2358 -
1027 2335 1150 2366 Collat.
1168 2343 1286 2366 canon.
1304 2334 1367 2365 sub
1386 2343 1481 2374 exsp.
1499 2333 1602 2374 praeb.
1620 2333 1701 2365 eccl.
1718 2333 1920 2364 Ambianen.
1935 2332 2094 2374 Stephano
2111 2332 2148 2364 de
2165 2332 2380 2371 Bertencuria,

776 2398 852 2420 cum
869 2388 1080 2419 revocatione
1097 2388 1290 2419 collationis
1306 2396 1423 2419 canon.
1444 2387 1507 2418 sul)
1523 2396 1618 2427 exsp.
1637 2386 1739 2426 praeb.
1760 2386 1840 2418 eccl.
1857 2386 2042 2418 Lexovien.
2067 2386 2195 2417 dudum
2221 2386 2317 2418 factae
2332 2386 2381 2418 fa-

776 2451 856 2473 vore
887 2442 968 2473 dicti
986 2441 1146 2481 Stephani
1155 2452 1163 2478 ;
1192 2450 1258 2472 non
1278 2440 1365 2472 obst.
1395 2441 1429 2471 in
1460 2449 1487 2471 s.
1505 2439 1661 2476 Quintini
1685 2440 1720 2470 in
1748 2439 1982 2476 Viromandia,
2001 2448 2028 2470 s.
2046 2439 2168 2471 Fursei
2199 2439 2378 2477 Peronen.,

777 2504 804 2526 s.
824 2495 964 2526 Martini
981 2496 1021 2526 de
1038 2495 1225 2535 Campellis
1247 2494 1282 2525 in
1307 2494 1387 2526 Bria
1410 2494 1485 2525 ets.
1503 2493 1642 2525 Martini
1661 2493 1702 2524 de
1719 2493 1994 2529 Montemorenti,
2012 2492 2216 2524 Noviomen.
2233 2494 2266 2524 et
2285 2492 2380 2524 Pari-

777 2548 861 2579 sien.
881 2548 940 2585 di.,
957 2557 1075 2580 canon.
1094 2548 1251 2588 etpraeb.‚
1270 2548 1302 2579 et
1320 2548 1355 2579 in
1380 2556 1407 2578 s.
1426 2546 1544 2578 Crucis
1564 2546 1779 2578 Cameracen.
1798 2546 1878 2577 eccl.
1893 2554 2011 2577 canon.
2028 2545 2092 2577 sub
2108 2554 2203 2586 exsp.
2221 2545 2325 2585 praeb.
2341 2562 2380 2569 -

777 2602 802 2633 Ι.
819 2611 847 2633 e.
866 2611 911 2632 m.
931 2601 1006 2633 abb.
1030 2603 1175 2633 monast.
1196 2610 1224 2632 s.
1245 2600 1437 2636 Genovefae,
1466 2600 1498 2631 et
1518 2600 1644 2631 decano
1669 2599 1810 2639 maj0ris
1834 2599 2016 2637 Parisien.‚
2035 2608 2072 2630 ac
2097 2608 2185 2639 mag.
2209 2599 2310 2630 Petro
2338 2599 2380 2631 de

776 2655 916 2693 Frattis,
932 2655 1127 2695 primicerio
1144 2656 1298 2687 Gaietan.
1315 2654 1396 2686 eccl.
1415 2654 1467 2694 (A.
1483 2655 1533 2691 16,
1551 2653 1573 2684 f.
1591 2654 1650 2685 393
1668 2652 1700 2689 ῦς
1721 2652 1757 2684 V.
1773 2654 1823 2690 73,
1835 2661 1888 2692 ep.
1904 2652 1990 2693 619.)

823 2706 957 2737 15257.
975 2727 1014 2732 -
1035 2709 1224 2749 Berenqario
1240 2708 1276 2739 de
1302 2707 1456 2746 Car-dona,
1476 2707 1555 2739 cler.
1572 2706 1774 2738 Barchinon.
1796 2706 1855 2742 di.,
1873 2706 1983 2746 gratia
2005 2715 2100 2746 exsp.
2119 2705 2232 2738 benef.
2252 2706 2377 2744 saecul,
2435 2730 2437 2733 .

776 2770 803 2793 c,
820 2771 847 2793 c.
871 2763 925 2794 vel
943 2771 970 2794 s.
994 2772 1021 2793 c.
1040 2764 1113 2801 (100
1131 2763 1153 2793 l.
1173 2762 1223 2802 t.),
1240 2762 1274 2793 in
1291 2762 1337 2793 di.
1353 2761 1406 2793 vel
1423 2761 1515 2792 civit.
1532 2760 1792 2797 Barchinonen.,
1812 2759 1935 2799 pertin.
1955 2759 1998 2790 ad
2019 2759 2130 2791 collat.
2149 2760 2229 2799 ep.i.
2246 2776 2284 2782 —-
2300 2759 2327 2791 Ι.
2347 2767 2377 2791 e.

777 2824 822 2846 m.
838 2816 963 2846 archid.
983 2817 1015 2847 et
1031 2817 1190 2856 praecent.
1215 2815 1347 2854 Vicen.‚
1377 2823 1414 2846 ac
1437 2814 1588 2846 sacristae
1610 2813 1856 2845 Barchinonen.
1883 2812 1966 2844 eccl.
1991 2813 2045 2853 (A.
2066 2812 2203 2850 17,f.59
2221 2818 2252 2849 ⁸3
2275 2812 2310 2844 V.
2327 2814 2377 2850 73,

775 2869 957 2951 &23:332-
977 2939 1012 2944 -
1043 2921 1206 2953 Guillelmo
1223 2932 1293 2963 ep.o
1308 2921 1469 2958 Sabinem,
1488 2922 1528 2953 A.
1543 2921 1577 2952 S.
1596 2920 1719 2960 legato,
1746 2919 1972 2951 committitur
2001 2927 2104 2950 causa
2129 2920 2266 2950 vertens
2288 2919 2378 2950 inter

771 2974 904 3015 judices
923 2975 1118 3015 algazillum
1146 2978 1178 3006 et
1205 2975 1292 3007 alios
1309 2976 1350 3007 de
1373 2974 1517 3006 consilio
1542 2974 1633 3005 civit.
1654 2973 1816 3013 Ispalen.,
1834 2981 1874 3003 ex
1892 2981 1971 3009 una,
1991 2973 2024 3003 et
2050 2971 2172 3003 fratres
2195 2971 2377 3011 hospitalis

775 3036 803 3059 S.
818 3028 838 3059 J
841 3029 961 3059 oannis
976 3029 1259 3066 Jerosolimitani‚
1275 3030 1438 3069 tanquam
1450 3028 1538 3060 bona
1560 3027 1631 3059 ord.
1647 3026 1771 3067 quond.
1794 3026 1927 3057 militiae
1942 3025 2077 3066 Templi
2099 3033 2142 3057 ex
2157 3025 2376 3057 concessione

2584 2201 2592 2435 -..-..„.„‘.„..,.A--....
2589 2147 2592 2181 .-.
2590 2116 2592 2130 ,Α
2588 2059 2592 2063 .
2588 2015 2592 2034 rr
2590 1985 2592 1987 .
