2592 3528
354 395 411 425 180

384 487 484 512 Datum
509 479 692 514 Avenione.

420 695 460 723 26
474 698 544 731 sept.
560 695 647 722 4322.

421 744 488 776 (vm
505 739 564 767 kaI.
580 739 649 771 oct.)

444 786 475 812 T.
495 785 540 818 XI,
556 784 627 812 XIII.

495 909 531 936 Ut
551 917 573 936 s.

469 954 500 980 T.
517 953 595 980 XXX.

488 1229 524 1256 Ut
552 1237 575 1256 s.

455 1274 486 1301 T.
504 1274 536 1307 x,
555 1273 612 1300 xli.

495 1442 530 1469 Ut
549 1450 571 1468 s.

477 1487 509 1513 Τ.
529 1486 585 1513 ΧΧ.

494 1655 529 1682 Ut
550 1663 572 1681 s.

481 1699 511 1726 T.
527 1699 583 1725 XX.

500 1762 532 1788 U
549 1770 571 1788 s.

498 1920 530 1947 [t
552 1929 575 1947 s.

490 2134 526 2162 Ut
546 2143 569 2161 s.

439 2179 469 2206 T.
489 2179 534 2212 XI,
550 2179 620 2206 XIII.

495 2240 528 2268 Ut
549 2249 572 2267 s.

463 2285 494 2311 T.
510 2285 599 2312 vlffl.

492 2454 528 2482 Ut
548 2463 571 2482 s.

428 2499 459 2525 T.
476 2499 547 2532 xlv,
560 2499 628 2525 XVI.

489 2883 524 2911 Ut
541 2891 563 2911 s.

452 2929 482 2955 T.
501 2929 603 2956 LXXX.

749 392 922 424 JOANNIS
946 393 1064 424 PAPAE
1086 394 1187 424 XXII.
1212 395 1461 433 (ime-1834).
1483 412 1522 418 —
1545 394 1731 425 LITTERAE
1754 393 1979 425 COMMUNES

778 585 819 616 ad
844 586 957 617 collat.
981 587 1049 626 ep.i
1074 587 1296 619 Pensaurien.
1321 595 1357 618 se
1385 588 1517 619 asserat
1541 589 1733 627 expectare.
1756 605 1791 610 —
1810 587 1838 619 Ι.
1855 595 1886 618 e.
1904 596 1948 618 m.
1967 588 2004 618 ut
2026 595 2054 618 s.
2071 595 2104 618 n.
2123 587 2234 619 16294.
2253 586 2307 628 (A.
2327 588 2377 623 18,

778 638 801 670 f.
820 641 860 671 90
876 639 910 677 ¹³3
934 640 970 671 V.
987 642 1037 677 74.
1054 649 1106 680 ep.
1124 642 1188 680 21.)

825 690 958 722 16297.
980 712 1018 716 -
1033 694 1146 725 ,loanni
1171 693 1299 731 Condei,
1327 702 1399 725 can.
1423 693 1570 734 praeben.
1590 695 1623 725 et
1646 693 1773 725 archid.
1793 693 1874 725 eccl.
1901 694 2136 732 pensaurien„
2150 694 2261 734 gratia
2275 702 2374 735 exsp.

778 745 888 777 benef.
905 747 1017 778 saecul.
1037 756 1064 778 s.
1082 756 1123 782 c..
1143 747 1177 778 in
1197 747 1290 778 civit.
1308 747 1360 778 vel
1380 747 1426 778 di.
1453 746 1667 784 Urbinaten„
1693 746 1817 786 pertin.
1837 747 1879 778 ad
1903 746 2062 787 disposit.
2081 747 2162 788 ep.i.
2183 764 2222 770 —
2237 747 2265 779 1.
2284 755 2314 779 e.
2330 755 2378 779 m.

779 808 853 839 ep.o
870 800 1106 838 Pensaurien„
1124 802 1156 832 et
1171 809 1274 840 praep.
1291 801 1525 837 Pensaurien.,
1543 809 1580 831 ac
1597 799 1696 832 Gotio
1706 799 1746 831 de
1763 799 1931 838 Arimino,
1949 808 2021 831 can.
2036 800 2270 832 Ravennaten.
2281 800 2377 839 eccl„

778 853 879 892 Papae
902 862 973 892 cap.
991 854 1042 891 (A.
1061 855 1110 890 18,
1126 853 1149 884 f.
1168 856 1203 885 91
1223 859 1256 891 ’ς
1281 853 1313 885 V.
1333 856 1382 890 74,
1400 862 1452 894 ep.
1470 854 1534 894 22.)

826 903 1012 936 16298.--
1029 906 1116 947 Epo
1147 906 1346 937 Wintoniensi
1367 906 1469 938 facul.
1496 906 1682 946 recipiendi
1709 905 1971 945 resignationem
1997 913 2100 937 causa
2118 906 2381 946 permutationis

780 959 927 990 fiendam
941 969 960 990 a
976 959 1080 991 Vitali
1101 960 1141 990 de
1167 960 1280 997 Testa,
1311 968 1384 990 can.
1409 961 1441 990 et
1458 959 1584 990 decano
1605 959 1685 990 eccl.
1704 958 1928 994 Londonien.‚
1946 959 1986 990 de
2006 958 2181 996 decanatu,
2205 968 2324 991 canon.
2347 960 2380 992 et

779 1013 881 1052 praeb.
899 1013 939 1043 de
951 1013 1158 1044 Newentone
1177 1013 1256 1044 eccl.
1276 1013 1538 1050 Londoniensis,
1557 1014 1590 1043 et
1603 1013 1734 1043 Joanne
1749 1012 1790 1043 de
1808 1011 1997 1049 Everdone,
2011 1020 2085 1043 can.
2104 1011 2330 1045 Saresbirien.
2347 1014 2381 1046 et

779 1068 908 1097 rectore
924 1066 1058 1106 paroch.
1077 1066 1158 1097 eccl.
1178 1066 1218 1097 de
1240 1066 1416 1106 Henneye,
1442 1065 1666 1097 Saresbirien.
1687 1065 1748 1101 di..
1764 1065 1804 1096 de
1822 1073 1940 1096 canon.
1958 1066 1991 1096 et
2014 1064 2118 1105 praeb.
2131 1065 2173 1097 de
2196 1066 2380 1099 Tarlerone

779 1119 859 1150 eccl.
875 1119 1099 1150 Saresbirien.
1121 1128 1159 1150 ac
1176 1119 1266 1150 dicta
1283 1119 1419 1159 paroch.
1437 1119 1518 1150 eccl.
1532 1127 1541 1156 3
1558 1127 1626 1159 quo
1645 1119 1782 1158 peracto
1798 1118 1888 1150 dicta
1903 1118 2068 1150 beneficia
2083 1118 2170 1159 ipsis
2191 1118 2291 1159 juxta
2303 1128 2382 1160 per-

780 1172 1002 1203 mutationem
1016 1173 1176 1204 conferat.
1198 1172 1250 1212 (A.
1267 1173 1316 1210 18,
1335 1172 1359 1203 f.
1375 1174 1413 1203 37
1429 1177 1460 1208 ²3
1484 1172 1519 1204 V.
1538 1174 1588 1207 74,
1607 1180 1659 1211 ep.
1678 1173 1742 1210 32.)
1782 1172 1786 1175 ’

826 1223 960 1255 16299.
974 1244 1012 1249 -—
1029 1225 1189 1266 Stephano
1211 1225 1248 1256 de
1270 1225 1440 1256 Pellio-eriis
1463 1225 1550 1257 conf.
1570 1225 1707 1265 paroch.
1731 1225 1813 1257 eccl.
1836 1234 1865 1257 s.
1889 1225 2052 1265 Stephani
2069 1225 2110 1258 de
2127 1225 2281 1264 Litteria‚
2299 1226 2382 1259 ller-

779 1280 855 1311 den.
871 1279 929 1317 di.,
947 1281 997 1320 (15
1014 1279 1074 1311 lib.
1091 1279 1246 1319 jaccen),
1272 1288 1344 1310 vac.
1367 1287 1428 1319 per
1443 1279 1605 1319 resignat.
1622 1279 1767 1310 Joannie
1782 1278 1943 1319 Stephani
1959 1287 2013 1319 ap.
2034 1279 2068 1311 S.
2084 1279 2125 1310 A.
2143 1278 2280 1311 factam.
2294 1297 2334 1304 -
2350 1280 2378 1312 1.

779 1342 808 1365 e.
828 1342 872 1365 m.
890 1333 1088 1372 praecentori
1106 1333 1356 1369 Convenarum,
1373 1334 1406 1364 et
1430 1332 1582 1364 sacristae
1599 1332 1734 1370 Oscen„
1753 1341 1791 1363 ac
1815 1341 1903 1373 mag.
1922 1332 2023 1364 Gotio
2039 1332 2080 1364 de
2094 1332 2263 1371 Arimino,
2278 1333 2380 1374 Papae

779 1396 865 1426 cap„
881 1395 954 1417 can.
971 1387 1202 1418 Ravennaten.
1220 1386 1302 1418 eccl.
1320 1386 1372 1424 (A.
1394 1387 1442 1423 18,
1460 1386 1483 1418 f.
1502 1388 1540 1418 97
1559 1385 1588 1422 ὓ,
1612 1385 1644 1416 V.
1662 1387 1712 1423 74,
1732 1394 1784 1426 ep.
1803 1385 1871 1426 39.)

824 1437 960 1470 16300.
979 1458 1018 1462 -
1036 1439 1112 1472 Abb.
1129 1444 1259 1472 monast.
1275 1439 1311 1471 de
1326 1450 1350 1470 s.
1367 1439 1519 1477 Amando,
1535 1444 1563 1470 et
1578 1439 1735 1470 Ber-nardo
1751 1439 1917 1480 Stephani,
1931 1449 2031 1481 praep.
2051 1438 2204 1477 Insulam,
2218 1438 2380 1472 Sar-laten.

778 1499 806 1524 et
826 1493 1013 1525 Cavallicen.
1031 1493 1087 1530 di.,
1104 1504 1139 1524 ac
1161 1493 1304 1524 ΑνηαΙιΙο
1320 1493 1356 1523 de
1383 1493 1525 1531 Petrilia,
1542 1503 1610 1524 can.
1633 1493 1786 1523 Turonen.
1804 1492 1891 1531 eccl„
1909 1493 2023 1524 mand.
2040 1494 2078 1524 ut
2092 1492 2247 1524 Alasiam
2262 1493 2304 1525 de
2317 1493 2381 1526 Fa·

778 1548 842 1588 gis,
863 1549 977 1578 natam
991 1547 1098 1578 Heliae
1115 1547 1154 1578 de
1170 1547 1284 1587 Fagis,
1302 1546 1474 1578 domicelli
1488 1546 1655 1578 Sarlaten.
1676 1546 1735 1581 di.,
1751 1546 1902 1586 puellam
1916 1546 2114 1584 litteratam,
2129 1546 2236 1586 recipi
2253 1546 2380 1579 faciant

779 1602 813 1632 in
829 1602 973 1632 monast.
991 1602 1028 1632 B.
1046 1601 1092 1631 M.
1111 1601 1335 1637 Xanctonen,
1354 1600 1393 1632 O.
1409 1600 1442 1631 S.
1460 1601 1498 1631 B.
1519 1600 1570 1638 (A.
1591 1601 1639 1638 18,
1655 1599 1679 1630 f.
1698 1600 1737 1631 98
1753 1605 1787 1637 ·;
1814 1599 1845 1630 V.
1865 1601 1916 1637 74,
1932 1607 1985 1639 ep.
2002 1601 2069 1638 40.)

825 1651 961 1684 16301.
981 1672 1020 1676 -
1037 1653 1127 1683 Eisd.
1149 1653 1261 1684 mand.
1280 1654 1318 1684 ut
1346 1653 1572 1684 Bertrandum
1590 1653 1631 1683 de
1648 1652 1816 1690 Martello,
1837 1652 1917 1683 cler.
1936 1651 2102 1684 Sarlaten.
2120 1652 2180 1690 di.,
2205 1652 2312 1693 recipi
2331 1652 2381 1684 fa-

779 1708 868 1739 ciant
886 1707 920 1738 in
937 1709 1081 1738 monast.
1101 1715 1127 1738 S.
1147 1706 1321 1747 Cypriani,
1341 1707 1381 1738 O.
1399 1706 1433 1737 S.
1453 1707 1506 1743 Α.,
1527 1706 1623 1737 dictae
1639 1706 1685 1736 di.
1707 1706 1760 1745 (A.
1778 1706 1827 1743 18,
1845 1705 1869 1737 f.
1883 1706 1923 1737 98
1940 1711 1972 1744 ⁸;
1996 1705 2032 1736 V.
2049 1707 2100 1743 74,
2115 1714 2168 1746 ep.
2181 1706 2249 1747 41.)

824 1757 960 1791 16302.
977 1777 1016 1782 -
1029 1759 1200 1790 Mochesino
1225 1764 1298 1790 nato
1313 1759 1476 1790 Montesini
1495 1758 1532 1790 de
1551 1757 1696 1796 Colardo‚
1715 1759 1840 1790 rectori
1854 1759 1990 1799 paroch.
2006 1758 2088 1790 eccl.
2105 1759 2146 1790 de
2162 1759 2378 1799 Lagrauleto,

778 1815 935 1846 Tolosan.
956 1814 1015 1851 di.,
1034 1813 1200 1850 subffiac„
1229 1813 1394 1853 indulget.
1411 1814 1448 1844 ut
1466 1821 1574 1852 usque
1600 1813 1641 1843 ad
1666 1812 1852 1843 triennium
1868 1812 1911 1843 ad
1932 1812 2129 1852 superiores
2151 1812 2289 1844 ordines
2301 1821 2379 1853 pro-

778 1868 907 1899 moveri
922 1876 989 1899 non
1002 1869 1167 1904 teneatur,
1181 1866 1269 1906 juris
1287 1866 1401 1898 civilis
1417 1866 1530 1897 studio
1546 1866 1770 1897 immorando.
1790 1866 1842 1904 (A.
1860 1866 1908 1902 18,
1926 1865 1950 1896 f.
1969 1867 2009 1897 99
2023 1870 2056 1902 ⁸3
2081 1865 2112 1895 V.
2134 1867 2187 1903 74,
2203 1874 2257 1906 ep.
2270 1866 2339 1906 44.)

824 1919 958 1951 16303.
975 1938 1013 1943 -—
1029 1919 1190 1951 Guillelmo
1211 1920 1357 1961 Bosqueti
1381 1920 1495 1951 collat.
1518 1927 1636 1950 canon.
1655 1918 1719 1950 sub
1739 1927 1836 1959 exsp.
1856 1918 1960 1958 praeb.
1980 1919 2061 1950 eccl.
2081 1927 2108 1950 s.
2127 1918 2282 1951 Severini
2295 1920 2381 1951 Bur-

778 1975 981 2015 degalensis.
996 1992 1035 1997 —
1056 1975 1083 2005 I.
1101 1982 1130 2005 e.
1148 1982 1194 2005 m.
1212 1973 1326 2004 abbati
1348 1974 1493 2004 monast.
1518 1972 1558 2003 de
1586 1981 1613 2002 s.
1630 1972 1796 2010 Amando,
1814 1972 2021 2003 Sarlatensis
2042 1972 2101 2013 di.,
2119 1973 2151 2004 et
2166 1972 2318 2004 Arnaldo
2336 1972 2378 2004 de

776 2029 928 2066 PetriIIa,
947 2027 1151 2063 Turonensi,
1168 2035 1206 2058 ac
1223 2026 1430 2066 Raymundo
1447 2026 1488 2057 de
1507 2025 1737 2063 Columberia,
1756 2025 2028 2057 Autissiodoren.
2046 2025 2268 2057 ecclesiarum
2280 2033 2379 2058 cano-

776 2083 874 2114 nicis.
891 2081 945 2122 (A.
963 2082 1012 2119 18,
1030 2081 1052 2111 f.
1066 2082 1104 2112 38
1118 2086 1149 2117 ²¹;
1175 2079 1205 2110 V.
1224 2081 1273 2117 74,
1293 2088 1347 2119 ep.
1361 2081 1428 2119 46.)

823 2132 959 2165 16304.
975 2153 1014 2157 -
1045 2133 1207 2165 Guillelmo
1224 2133 1383 2164 Amalvini
1406 2132 1480 2164 ead.
1511 2132 1619 2172 gratia
1650 2132 1685 2163 in
1714 2132 1794 2163 eccl.
1820 2131 2043 2172 Burdegalen.
2075 2132 2154 2163 -Ι,
2173 2141 2202 2164 e.
2219 2141 2264 2164 m.
2293 2133 2331 2164 ut
2345 2141 2378 2165 s.

775 2189 828 2229 (A.
852 2190 900 2226 18,
919 2189 943 2219 f.
960 2189 998 2220 38
1014 2187 1049 2224 ¹³3
1073 2187 1105 2217 V.
1120 2189 1170 2224 74,
1189 2195 1241 2226 ep.
1259 2187 1325 2226 47.)

821 2238 956 2271 16305.
971 2259 1010 2264 -
1028 2240 1210 2282 Aymericus
1233 2240 1360 2271 archid.
1382 2239 1648 2279 Transvigenen.
1665 2238 1699 2269 in
1718 2238 1800 2270 eccl.
1814 2239 1999 2276 Turonen.‚
2015 2238 2051 2269 in
2068 2238 2176 2270 sacris
2189 2239 2261 2270 ord.
2278 2248 2380 2272 cone-

774 2296 910 2332 titutus,
926 2296 1027 2335 Papae
1054 2303 1141 2334 cap„
1160 2294 1342 2334 praeficitur
1357 2294 1392 2324 in
1418 2293 1627 2333 archiep.um
1644 2292 1724 2324 eccl.
1741 2292 1989 2328 Ravennaten„
2012 2293 2090 2324 ante
2108 2292 2190 2324 obit.
2203 2292 2377 2333 Raynaldi

773 2358 834 2389 per
847 2349 913 2380 ΡΡ.
931 2348 1089 2388 disposit.
1108 2356 1177 2378 suae
1191 2348 1381 2378 reservatae.
1396 2364 1434 2369 —
1449 2347 1475 2378 I.
1494 2355 1523 2377 e.
1540 2355 1586 2377 m.
1596 2346 1710 2386 capit„
1725 2345 1886 2377 vassallis
1902 2347 1935 2376 et
1949 2346 2037 2385 ep.is
2054 2345 2279 2386 suffraganeis
2293 2346 2378 2378 eccl.

774 2403 1023 2439 Ravennaten.;
1038 2401 1128 2432 clero
1145 2402 1178 2432 et
1193 2400 1319 2440 populo
1335 2400 1427 2431 civit.
1444 2401 1477 2431 et
1495 2399 1540 2430 di.
1563 2399 1615 2438 (A.
1633 2400 1682 2436 18,
1701 2399 1723 2430 f.
1740 2401 1781 2431 46
1797 2404 1830 2435 ²;
1852 2398 1888 2430 V.
1905 2400 1956 2437 74,
1975 2407 2027 2439 ep.
2043 2400 2108 2438 68.)

819 2453 954 2485 16306.
970 2473 1007 2478 -
1022 2454 1115 2485 Petro
1133 2454 1169 2485 de
1187 2453 1339 2492 Cornaca,
1359 2463 1433 2485 can.
1450 2454 1596 2484 monast.
1613 2452 1842 2489 Montissalvi‚
1861 2452 1899 2484 Ο.
1919 2452 1953 2484 S.
1965 2453 2019 2489 Α.,
2036 2461 2064 2483 s.
2082 2452 2176 2484 Flori
2190 2452 2250 2491 di.,
2266 2452 2379 2492 gratia

773 2518 869 2549 exsp.
889 2508 1000 2540 benef.
1021 2518 1048 2540 c.
1066 2517 1108 2546 c.,
1131 2507 1267 2539 etiamsi
1291 2507 1529 2547 praepositura,
1557 2514 1617 2538 seu
1642 2505 1836 2537 administr.
1861 2506 1920 2537 aut
1943 2505 1998 2536 off.
2024 2505 2160 2543 existat,
2183 2506 2307 2545 pertin.
2333 2506 2376 2538 ad

772 2563 885 2595 collat.
903 2562 1079 2602 praepositi
1098 2563 1131 2593 et
1150 2570 1244 2592 conv.
1263 2561 1344 2592 dicti
1362 2561 1508 2592 monast.
1518 2568 1528 2596 3
1543 2560 1698 2590 cassatur
1715 2558 1842 2590 similis
1857 2558 1967 2598 gratia
1982 2558 2014 2590 ei
2031 2558 2160 2589 dudum
2174 2558 2276 2595 facta,
2294 2559 2375 2600 quia

771 2615 975 2649 reddebatur
990 2614 1125 2646 inutilis
1140 2623 1182 2646 ex
1199 2623 1238 2646 eo
1258 2614 1348 2654 quod
1371 2614 1448 2645 ante
1462 2612 1716 2644 concessionem
1733 2611 1845 2651 ipsius
1862 2611 1972 2643 fuerat
1987 2611 2054 2643 eid.
2071 2620 2176 2651 praep.
2193 2611 2378 2644 interdicta

772 2670 965 2702 administr.
982 2669 1091 2709 ejusd.
1115 2670 1272 2705 monast„
1293 2667 1335 2698 ad
1348 2667 1438 2707 quod
1461 2666 1506 2697 id.
1521 2666 1645 2697 Petrus
1661 2664 1848 2696 translatus
1863 2664 1974 2696 fuerat
1989 2664 2029 2696 de
2046 2666 2194 2697 monast.
2212 2665 2252 2696 Β.
2267 2665 2313 2696 Μ.
2332 2665 2374 2698 de

772 2724 915 2760 Corona,
935 2722 1016 2754 dicti
1040 2722 1124 2759 ord.,
1142 2721 1374 2761 Engolismen.
1393 2719 1439 2751 di.
1460 2737 1498 2742 —
1514 2719 1541 2750 I.
1559 2727 1588 2750 e.
1605 2727 1651 2749 m.
1669 2718 1777 2758 priori
1797 2718 1839 2749 de
1859 2718 2062 2756 Benevento,
2079 2718 2294 2750 Lemovicen.
2311 2718 2375 2757 di.,

772 2778 805 2809 et
820 2777 946 2808 archid.
968 2775 1136 2808 Conchen.
1159 2774 1194 2805 in
1222 2774 1302 2806 eccl.
1320 2773 1525 2810 Ruthenen.,
1540 2780 1578 2803 ac
1600 2771 1740 2803 officiali
1757 2771 1948 2803 Ruthenen.
1962 2771 2016 2812 (A.
2033 2772 2082 2809 18,
2097 2771 2121 2802 f.
2134 2773 2193 2803 327
2211 2770 2226 2793 ¹³
2236 2781 2246 2808 ;
2269 2771 2306 2802 V.
2320 2773 2372 2810 74,

772 2839 789 2862 e
818 2854 824 2860 .
846 2831 929 2867 152.)

792 2839 827 2896 p·
849 2880 983 2913 16307.
1001 2899 1039 2905 ——
1054 2881 1138 2923 May.
1159 2880 1319 2912 Borcardo
1345 2879 1468 2917 Grellae,
1486 2879 1601 2911 ,Ioanni
1619 2878 1707 2909 Buta
1729 2888 1766 2909 ac
1780 2878 1915 2909 Henrico
1931 2878 1968 2910 de
1993 2877 2094 2920 Οἶμαι,
2118 2887 2188 2909 can.
2212 2877 2371 2915 Bremen.,

771 2946 862 2969 conc.
880 2937 1033 2977 potestas
1049 2935 1228 2967 ordinandi
1247 2934 1362 2966 omnia
1376 2943 1450 2974 quae
1467 2933 1628 2973 expedire
1644 2932 1792 2964 viderint
1807 2933 1845 2963 ut
1862 2931 2042 2964 concordia
2061 2931 2148 2963 inita
2165 2931 2254 2963 inter
2270 2932 2370 2962 Joan-

771 2999 860 3030 nem,
878 2989 1086 3029 archiep.um
1102 2989 1272 3024 Bremen„
1292 2989 1325 3019 et
1345 2987 1522 3022 Joannem,
1544 2986 1762 3018 scolasticum
1788 2985 1868 3017 eccl.
1887 2985 2059 3023 Bremen„
2079 2993 2180 3016 suum
2205 2984 2372 3016 sortiatur

770 3045 938 3076 effectum.
957 3043 1010 3083 (A.
1032 3045 1080 3078 19,
1098 3042 1120 3074 f.
1139 3043 1196 3074 104
1214 3047 1250 3079 ⁸3
1275 3040 1308 3072 V.
1323 3043 1374 3078 75,
1392 3049 1444 3080 ep.
1464 3039 1571 3075 1033.)
