2592 3528
390 329 448 359 176

422 417 525 445 Datum
545 410 730 445 Avenione.

403 624 440 652 {2
455 624 488 660 (11
507 623 642 659 ἰᾱ.)εερι.
661 622 750 651 1322.

494 669 524 695 τ.
545 668 577 703 x,
597 667 655 695 xu.

539 783 573 811 Ut
589 791 612 810 s.

485 828 515 855 T.
532 827 578 861 Xl,
591 827 663 855 xm.

532 1048 569 1076 Ut
588 1047 619 1082 s.!

484 1092 578 1128 T·.''.X¹‚
593 1092 665 1119 xlll.

530 1847 565 1875 Ut
582 1855 605 1874 s.

513 1891 543 1920 T.
564 1892 622 1920 XX.

526 2169 562 2197 Ut
580 2178 605 2199 s.

488 2214 518 2241 Τ.
535 2214 567 2247 Χ,
584 2215 643 2244 ΧΙΙ.

528 2384 562 2411 Ut
578 2392 602 2411 s.

459 2459 464 2463 ¹
510 2428 539 2454 T.
562 2428 619 2455 XX.

524 2648 560 2676 Ut
576 2657 599 2676 s.

474 2693 504 2720 T.
519 2693 565 2728 xl,
580 2694 652 2721 X111.

1709 0 1940 15 *vr-iww-vng-‚snzw
1964 8 1977 15 Ἣ
1998 9 2011 17 ,Δ

782 322 956 355 JOANNIS
980 323 1098 354 PAPAE
1119 322 1221 354 xxll.
1244 323 1493 363 (iaie-1334).
1516 339 1555 346 —
1577 322 1763 353 LITTERAE
1786 320 2011 353 COMMUNES

819 516 947 548 dalenae
966 515 1132 547 altaribus
1147 515 1271 547 modici
1287 514 1424 545 valoris.
1437 532 1474 537 —
1491 514 1517 544 Ι.
1535 522 1565 545 e.
1583 522 1629 544 m.
1650 512 1726 544 abb.
1745 514 1891 544 monast.
1904 521 1932 544 s.
1952 513 2119 551 Germani,
2138 515 2172 546 et
2187 514 2338 554 prioris.
2352 514 2421 546 Eu-

820 569 907 601 sebii
922 569 1190 605 Autisiodoren„
1204 577 1241 599 ac
1259 567 1399 599 officiali
1419 566 1674 598 Autisiodoren.
1691 566 1746 606 (A.
1765 567 1814 604 18,
1832 565 1855 598 f.
1874 567 1932 599 106
1947 571 1977 604 ·;
1998 565 2035 598 V.
2052 568 2102 605 74,
2118 575 2171 608 ep.
2190 567 2275 606 106.)

867 619 1001 652 16253.
1022 639 1060 645 -
1077 621 1203 661 Huqoni
1219 620 1255 651 de
1276 619 1506 661 Volpellzieyras
1524 627 1619 659 prov,
1647 627 1766 650 canon.
1793 618 1857 650 sub
1873 627 1969 661 exsp.
1987 619 2092 660 proeb.
2119 620 2202 652 eccl.
2226 620 2422 653 Autisiodo·

818 684 888 707 ren.
908 694 946 699 —
965 675 990 706 Ι.
1009 684 1038 706 e.
1062 683 1105 706 m.
1124 683 1199 714 ep.o
1231 674 1423 710 carnoten„
1449 673 1482 704 et
1498 671 1573 703 abb.
1604 673 1750 704 monast.
1770 681 1798 704 s.
1825 672 2013 711 Germani..
2041 681 2080 705 ac
2095 673 2203 714 priori
2231 682 2260 706 s.
2279 673 2421 706 Eusebii

819 728 1076 760 Autisiodoren.
1093 727 1143 765 (Α.
1163 727 1211 763 18,
1231 726 1254 757 f.
1271 728 1310 757 57
1326 725 1355 763 b;
1384 725 1415 756 V.
1435 726 1485 763 74,
1503 733 1556 765 ep.
1578 724 1663 766 109.)

866 778 999 811 16254.
1017 797 1056 804 -
1075 779 1190 810 Garsiae
1204 778 1346 809 Eximini
1360 778 1397 809 de
1411 777 1560 815 Εηιόαἱη,
1576 778 1656 810 cler.
1674 779 1794 811 Oscen.
1818 779 1880 815 di..
1905 778 2033 811 consid.
2050 779 2180 812 Sanciae
2196 779 2321 820 reginae
2340 779 2423 812 Sici·

818 834 884 870 liae,
901 835 1009 874 gratia
1025 841 1121 872 exsp.
1139 832 1263 864 benef...
1287 832 1329 873 (0.
1348 841 1376 863 0.
1394 832 1449 863 vel
1472 840 1500 862 s.
1517 840 1544 863 0.
1563 831 1637 864 701.
1650 833 1690 871 t.)
1706 832 1741 863 in
1763 832 1855 864 civit.
1871 832 1925 864 vel
1938 833 1984 865 di.
2002 833 2137 871 oscen„
2152 833 2277 874 pertin.
2293 833 2336 865 ad
2352 833 2427 866 col-·

818 887 877 918 lat.
893 887 979 926 ep.i;
998 895 1065 917 non
1081 886 1167 917 obst.
1186 885 1331 925 quadam
1348 885 1503 925 portione
1518 885 1551 916 in
1571 884 1652 917 eccl.
1672 885 1712 916 de
1730 885 1968 927 Saffierregay,
1985 886 2082 918 dictae
2098 886 2145 918 di.
2161 903 2202 910 —
2218 886 2246 918 Ι.
2262 895 2292 919 e.
2307 895 2354 919 m.
2367 895 2422 919 ar·-

819 940 950 980 chiep.0
963 940 1129 979 Capuan„
1146 940 1179 970 et
1192 938 1268 970 abb.
1287 939 1432 970 monast.
1457 947 1485 969 s.
1501 938 1644 970 Joannis
1658 938 1699 970 de
1722 938 1820 977 Pina,
1837 938 1960 971 Oscen.
1987 939 2048 977 di.,
2066 948 2105 971 ac
2126 939 2252 972 archid.
2270 939 2421 973 Sarablae

817 994 853 1024 in
870 993 950 1024 eccl.
968 992 1088 1024 Oscen.
1107 992 1161 1032 (A.
1179 993 1228 1027 18,
1247 992 1269 1023 s.
1291 993 1349 1024 184
1366 992 1400 1028 Ι),
1418 991 1454 1023 V.
1469 994 1520 1030 74,
1534 1000 1586 1032 ep.
1603 992 1690 1031 207.)

864 1043 998 1074 16255.
1017 1063 1055 1068 —-
1071 1044 1232 1076 Guillelmo
1249 1045 1388 1076 Ferrarii
1406 1045 1494 1077 conf.
1511 1044 1720 1086 archipresb.
1736 1045 1961 1083 Monestrolii‚
1982 1046 2135 1078 Anicien.
2154 1046 2215 1084 di„
2233 1054 2334 1087 quem
2349 1046 2420 1079 Du-

817 1101 935 1130 ranius
949 1099 1061 1130 dictus
1073 1099 1113 1130 de
1129 1098 1221 1130 Lode
1234 1098 1333 1138 juxta
1343 1098 1478 1131 constit.
1496 1107 1600 1139 super
1617 1098 1741 1139 plural.
1759 1098 1863 1131 benef
1873 1099 2020 1131 dimisit.
2030 1117 2070 1123 —
2083 1099 2110 1131 I.
2123 1108 2152 1131 e.
2165 1108 2210 1131 m.
2226 1099 2342 1131 archid
2357 1099 2420 1132 Be-

817 1161 933 1183 nacen.
957 1152 1117 1189 Ilerden„
1135 1154 1168 1184 et
1188 1152 1339 1184 Guarino
1358 1152 1398 1183 de
1419 1152 1568 1184 Cereriis
1585 1161 1622 1183 ac
1639 1152 1824 1184 Ademario
1846 1152 1888 1184 de
1911 1161 1939 1184 s.
1957 1152 2131 1191 Quintino,
2150 1152 2323 1185 canonicis
2337 1153 2420 1185 Ani·

817 1206 902 1237 cien.
921 1206 1000 1236 eccl.
1021 1206 1072 1245 (A.
1092 1207 1140 1242 18,
1161 1205 1182 1237 f.
1200 1207 1254 1237 161
1276 1211 1304 1243 ι;
1328 1205 1361 1237 V.
1380 1207 1430 1244 74,
1448 1214 1500 1246 ep.
1514 1207 1598 1245 252.)

865 1256 1000 1288 16256.
1019 1277 1058 1282 -
1073 1259 1189 1290 ,loanni
1206 1259 1243 1290 de
1257 1259 1422 1290 Fontaneis
1437 1258 1474 1290 de
1490 1258 1754 1300 montepessulano
1763 1259 1876 1291 collat.
1894 1268 2013 1292 canon.
2028 1259 2093 1291 sub
2103 1268 2200 1300 exsp.
2218 1258 2322 1299 praeb.
2336 1259 2420 1292 0001.

816 1312 980 1352 Agathen.
996 1331 1034 1336 -
1050 1313 1076 1344 I.
1101 1322 1130 1344 e.
1149 1322 1193 1344 m.
1214 1321 1290 1352 ep.o
1313 1312 1518 1350 Ruthenen„
1538 1315 1571 1344 et
1586 1313 1693 1353 priori
1709 1321 1738 1344 s.
1759 1313 1905 1344 Firmini
1920 1313 1961 1345 de
1977 1313 2290 1354 Montepessnlano,
2308 1313 2421 1354 Maga-

816 1365 928 1397 lonen.
945 1366 1004 1404 di.¹
1023 1375 1061 1397 ac
1073 1375 1176 1407 praep.
1196 1366 1408 1407 Magalonen.
1426 1367 1508 1398 eccl.
1525 1367 1578 1407 (A.
1597 1367 1647 1405 18,
1664 1366 1687 1397 f.
1709 1367 1768 1398 234
1781 1371 1817 1404 ⁸5
1839 1366 1876 1398 V.
1893 1367 1944 1405 74,
1963 1375 2015 1407 ep.
2031 1367 2117 1408 370.)

863 1417 997 1448 16257.
1018 1438 1054 1442 -
1078 1419 1213 1451 Iler-den.
1232 1424 1261 1450 et
1280 1419 1480 1452 Matisconen.
1498 1419 1660 1458 (ιη-11111421,
1678 1429 1714 1451 ac
1736 1419 1869 1452 Amedeo
1886 1419 1924 1451 de
1944 1419 2134 1456 Danenches,
2153 1430 2221 1452 can.
2239 1419 2339 1462 ejusd.
2355 1419 2421 1451 Μα-

815 1473 960 1504 tisconen.
977 1474 1065 1511 eccl„
1084 1474 1196 1505 mand.
1214 1475 1251 1505 ut
1266 1473 1391 1506 Joanni
1404 1473 1570 1514 Caprarfi,
1589 1482 1662 1505 can.
1681 1474 1827 1505 monast.
1845 1482 1875 1505 s.
1896 1474 1991 1506 Petri
2006 1473 2241 1511 Matisconen„
2257 1473 2297 1506 Ο.
2313 1473 2347 1506 S.
2363 1473 2418 1512 A„

814 1526 989 1558 conferant
1004 1526 1192 1566 prioratum
1209 1527 1250 1558 de
1264 1527 1474 1567 Martonayo,
1490 1527 1689 1567 Lugdunen.
1705 1527 1764 1564 di„
1782 1527 1872 1558 dicto
1884 1530 2029 1558 monast.
2045 1526 2247 1567 subjectum,
2261 1535 2323 1568 per
2335 1526 2419 1559 obit.

813 1579 931 1611 Garini
947 1580 988 1611 de
1005 1580 1265 1619 Montegilberto
1281 1589 1335 1620 ap.
1352 1581 1386 1612 S.
1405 1581 1446 1612 A.
1463 1580 1505 1612 ob
1521 1580 1717 1612 diuturnam
1730 1581 1941 1612 vacationem
1957 1589 2029 1612 vac.
2039 1590 2050 1617 3
2063 1580 2174 1612 dictus
2188 1581 2303 1612 autem
2317 1580 2419 1613 ,101111-

813 1642 874 1664 nes
893 1633 1028 1673 paroch.
1048 1634 1128 1664 eccl.
1149 1634 1189 1665 de
1209 1634 1415 1666 Sannissaco
1431 1634 1466 1664 in
1481 1634 1640 1671 Didonia,
1653 1634 1863 1666 Xanctonen.
1880 1634 1941 1671 di.,
1957 1634 2107 1666 dimittat
2115 1642 2125 1671 ;
2138 1642 2205 1665 non
2220 1633 2310 1666 obst.
2328 1633 2421 1675 qnod

815 1687 1002 1718 Gaufridus
1031 1687 1072 1718 de
1090 1687 1263 1724 Caroloco,
1289 1687 1383 1727 prior
1403 1687 1536 1727 praefati
1560 1688 1720 1723 monast..
1749 1687 1861 1719 eumd.
1885 1687 2075 1727 prioratum
2097 1687 2140 1718 ad
2165 1695 2304 1719 manum
2319 1695 2418 1719 suam

813 1741 940 1777 tenere,
957 1741 990 1771 et
1007 1740 1138 1771 fructus
1155 1741 1349 1781 percepisse
1363 1750 1402 1772 ac
1416 1741 1591 1781 percipere
1606 1740 1739 1772 dicatur
1761 1749 1803 1772 ex
1825 1740 1955 1772 eodem.
1983 1741 2035 1780 (Α.
2054 1741 2104 1778 18,
2127 1740 2151 1772 f.
2173 1742 2233 1772 375
2248 1740 2262 1762 b
2271 1750 2282 1778 ;
2312 1740 2346 1773 V.
2364 1741 2416 1779 74,

812 1802 864 1833 ep.
882 1793 969 1833 509.)

860 1844 995 1876 16258.
1016 1865 1053 1870 -
1069 1847 1152 1888 May.
1176 1846 1340 1878 Guillelmo
1357 1847 1393 1878 de
1411 1858 1436 1877 s.
1455 1847 1585 1886 Victore,
1603 1857 1699 1888 praep.
1721 1858 1745 1878 s.
1765 1847 1853 1878 Petri
1874 1847 1911 1878 de
1933 1847 2073 1883 Foresca,
2097 1847 2285 1889 Aquinatem.
2311 1847 2369 1884 di..
2387 1850 2418 1878 et

813 1900 1027 1941 Herbipolen.,
1046 1911 1081 1931 ac
1097 1901 1135 1932 B.
1154 1900 1196 1931 M.
1216 1901 1417 1942 Herforden.,
1437 1900 1608 1942 Maqunlin.
1625 1900 1682 1940 di„
1700 1901 1823 1932 decanis
1839 1900 1925 1939 eccl„
1942 1901 2056 1933 mand.
2086 1902 2124 1933 ut
2149 1901 2323 1933 Ludovico
2337 1902 2418 1934 nato

812 1963 845 1985 n.
865 1963 896 1985 v,
914 1954 1088 1986 Bertholdi
1105 1955 1241 1986 comitis
1263 1955 1303 1986 de
1324 1954 1575 1995 Hennemberg,
1598 1963 1670 1986 can.
1697 1955 1777 1986 eccl.
1800 1953 2036 1995 Bambergen„
2063 1954 2240 1987 conferant
2256 1953 2361 1995 praeb.
2379 1955 2418 1987 in

813 2007 886 2038 ead.
906 2008 986 2038 eccl.
1004 2017 1064 2048 per
1078 2007 1158 2039 obit.
1177 2008 1350 2040 Frederici
1364 2008 1405 2039 de
1422 2007 1574 2040 Stalberc
1598 2017 1652 2048 ap.
1678 2008 1712 2040 S.
1731 2009 1772 2040 A.
1791 2008 1954 2046 defuncti,
1972 2016 2043 2040 vac.
2054 2017 2064 2046 ;
2083 2016 2151 2040 non
2167 2007 2254 2040 obst.
2271 2007 2363 2049 quod
2379 2007 2417 2040 in

811 2061 1072 2093 Halberstaden.
1103 2062 1184 2093 eccl.
1216 2070 1333 2093 canon.
1364 2062 1397 2093 et
1426 2060 1528 2101 praeb.
1559 2061 1721 2093 obtineat.
1753 2062 1805 2102 (A.
1834 2063 1883 2099 18,
1913 2061 1936 2092 f.
1965 2063 2025 2094 436
2038 2061 2051 2083 ¹²
2067 2062 2076 2082 ¹
2106 2062 2140 2094 et
2167 2062 2228 2094 458
2242 2066 2274 2098 ·;
2301 2061 2340 2093 V.
2363 2063 2414 2100 74,

811 2123 863 2154 ep.
883 2114 969 2154 629.)

859 2165 994 2197 16259.
1015 2186 1054 2191 -
1070 2168 1192 2199 Collat.
1210 2168 1345 2208 paroch.
1360 2168 1441 2200 eccl.
1460 2169 1501 2200 de
1517 2168 1687 2206 Wadona,
1716 2169 1825 2200 Elien.
1845 2168 1906 2206 di..
1922 2177 1983 2209 per
2004 2169 2166 2209 resignat.
2184 2168 2278 2201 Berti
2294 2166 2414 2200 'redal-

811 2221 883 2252 dini
899 2231 951 2262 ap.
970 2222 1005 2253 S.
1024 2222 1063 2254 A.
1077 2231 1162 2257 vac„
1179 2221 1309 2252 Nicolao
1328 2221 1465 2252 Bandini
1482 2222 1518 2253 de
1535 2221 1735 2253 Falconeriis.
1748 2241 1786 2246 -
1801 2222 1828 2253 Ι.
1849 2231 1877 2254 e.
1901 2231 1946 2254 m.
1966 2221 2043 2254 abb.
2061 2223 2206 2254 monast.
2224 2230 2252 2253 s.
2271 2221 2340 2254 Siri
2355 2221 2415 2254 Ja-

810 2283 923 2313 nuen.,
941 2276 975 2307 et
990 2275 1117 2306 archid.
1131 2275 1376 2313 Winctonien.,
1390 2285 1428 2307 ac
1438 2275 1586 2307 Henrico
1602 2276 1643 2307 de
1658 2276 1867 2314 Sarracenis,
1879 2284 1952 2308 can.
1966 2275 2175 2308 Londonien.
2191 2275 2272 2307 eccl.
2292 2274 2344 2315 (A.
2365 2276 2414 2315 19,

810 2328 833 2359 f.
854 2330 913 2360 179
929 2334 964 2366 ²3
990 2328 1025 2359 V.
1043 2331 1092 2367 75,
1110 2338 1162 2369 ep.
1181 2330 1285 2368 1082.)

856 2379 989 2411 16260.
1009 2401 1048 2405 -
1071 2383 1155 2423 May.
1176 2382 1340 2414 Guillelmo
1357 2382 1394 2413 de
1415 2393 1440 2413 s.
1466 2382 1596 2420 Victore,
1611 2392 1711 2424 praep.
1729 2393 1754 2413 s.
1772 2383 1860 2414 Petri
1877 2382 1914 2414 de
1936 2382 2077 2420 Foresca,
2101 2381 2290 2423 Aquinatem
2311 2381 2368 2419 di„
2385 2385 2414 2412 et
2480 2381 2482 2383 ’

809 2435 1021 2476 ΗενὸἱροΙεη.,
1038 2445 1073 2466 ac
1090 2436 1127 2467 B.
1145 2436 1186 2467 M.
1203 2436 1409 2476 Her-forden„
1427 2437 1605 2477 Maquntin.
1633 2436 1692 2474 daz,
1709 2436 1833 2467 decanis
1847 2436 1919 2468 eccl.
1938 2436 2051 2468 mand.
2070 2437 2107 2468 ut
2129 2435 2313 2474 Ludovico,
2332 2437 2413 2467 nato

809 2497 842 2520 n.
860 2498 892 2519 v.
909 2489 1060 2520 Bertoldi
1076 2489 1212 2520 comitis
1227 2489 1268 2520 de
1286 2489 1536 2530 Hennemberg,
1556 2489 1732 2521 conferant
1753 2490 1943 2521 custodiam
1963 2489 2043 2521 eccl.
2061 2489 2299 2529 Bambergen.,
2313 2489 2412 2529 cujus

808 2542 926 2573 existit
942 2551 1015 2573 can.
1033 2551 1173 2582 quaeque
1192 2544 1288 2574 vacat
1310 2552 1370 2583 per
1387 2542 1469 2574 obit.
1495 2543 1604 2575 Ulrici
1629 2543 1710 2575 dicti
1733 2543 1945 2583 Ungenadae3
1973 2551 2040 2574 non
2064 2542 2152 2574 obst.
2176 2542 2212 2573 in
2230 2541 2311 2574 eccl.
2328 2541 2414 2574 Hal·

806 2595 1000 2627 herstaden.
1019 2604 1138 2627 canon.
1156 2597 1188 2627 et
1205 2595 1308 2641 praeb.
1329 2596 1383 2636 (A.
1401 2598 1450 2633 19,
1469 2596 1492 2628 f.
1510 2598 1570 2629 295
1585 2601 1619 2634 ²3
1641 2596 1677 2628 V.
1700 2598 1752 2635 75,
1774 2605 1827 2637 ep.
1845 2597 1950 2635 1166.)

854 2646 989 2678 16261.
1010 2666 1046 2671 -
1062 2649 1180 2680 loanni
1193 2649 1318 2680 Daberti
1333 2650 1443 2690 gratia
1458 2658 1555 2690 exsp.
1574 2650 1684 2681 benef.
1703 2658 1732 2681 0.
1752 2658 1780 2681 0.
1805 2649 1860 2681 vel
1881 2658 1910 2681 s.
1931 2658 1974 2686 0.,
2001 2651 2054 2689 (30
2077 2650 2098 2679 l.
2117 2649 2169 2689 t.),
2189 2649 2225 2680 in
2242 2648 2336 2680 civit.
2355 2647 2411 2681 vel

807 2702 853 2733 di.
870 2702 1051 2738 Senonen„
1068 2702 1191 2742 pertin.
1220 2703 1263 2733 ad
1280 2702 1394 2734 collat.
1424 2703 1588 2743 archiep.i
1613 2703 1779 2735 Senonen.
1794 2711 1803 2740 ;
1819 2711 1885 2734 non
1912 2702 1999 2734 obst.
2023 2703 2058 2734 in
2083 2702 2165 2734 eccl.
2182 2710 2212 2734 s.
2231 2701 2351 2733 Itherii
2368 2701 2411 2734 do

808 2755 893 2791 Aiis‚
912 2755 1097 2787 Bituricen.
1118 2756 1178 2792 di.,
1196 2764 1314 2787 canon.
1336 2757 1369 2787 et
1386 2757 1490 2796 praeb.
1507 2765 1536 2788 c.
1553 2765 1581 2788 c.
1602 2773 1641 2778 —
1656 2756 1682 2788 Ι,
1702 2764 1732 2788 e.
1751 2765 1796 2788 m.
1814 2756 1921 2796 priori
1937 2756 2052 2788 saecul.
2069 2765 2097 2787 s.
2116 2755 2246 2793 Ursini,
2259 2756 2293 2787 et
2306 2754 2410 2795 1111110-

805 2809 855 2840 ris
884 2809 1084 2846 Biturinen„
1111 2818 1148 2840 ac
1171 2809 1211 2840 de
1234 2809 1374 2849 Riperia
1403 2809 1621 2841 Suessionen.
1653 2809 1815 2841 archid.is
1839 2809 1920 2841 eccl.
1947 2809 1999 2848 (A.
2030 2811 2078 2847 19,
2106 2809 2129 2841 f.
2158 2810 2214 2841 351
2238 2813 2271 2845 ’ς
2298 2807 2332 2839 V.
2357 2808 2408 2843 76,

805 2871 857 2901 ep.
879 2863 982 2899 1482.)

837 2988 859 3013 1.
877 2987 932 3013 Ubi
948 2986 1055 3018 legitur
1073 2987 1102 3012 in
1121 2987 1250 3019 margine
1269 2995 1275 3012 :
1293 2997 1303 3010 ‹
1323 2988 1444 3013 Attende
1462 2987 1537 3019 quod
1556 2988 1665 3020 scripta
1678 2990 1723 3014 est
1738 2988 1809 3014 alibi
1833 2990 1861 3014 et
1876 2988 2002 3020 signata,
2025 2995 2116 3021 quare
2138 2988 2196 3014 ista
2216 2987 2272 3012 fuit
2294 2985 2406 3012 cancel-

803 3030 872 3056 lata.
890 3040 899 3054 1
