2592 3528
430 571 1091 677 JOANNIS
1183 573 1609 672 PAPAE
1704 575 2041 675 XXII

1045 759 1430 830 (1316-1334)

730 977 1189 1091 LITTERAE
1255 977 1382 1049 DE
1445 976 1753 1051 CURIA

1063 1267 1099 1315 Α
1118 1267 1158 1315 Ν
1178 1267 1219 1315 Ν
1239 1267 1248 1314 Ι
1312 1266 1350 1314 V
1367 1266 1402 1313 ΙΙ

881 1366 919 1412 (5
948 1369 1042 1414 sept.
1074 1365 1188 1402 1322
1214 1386 1264 1392 -
1291 1366 1317 1402 4
1344 1368 1435 1413 sept.
1468 1363 1595 1413 1323)

252 1459 355 1486 Datum
376 1454 560 1487 Avenione.

237 1562 255 1588 8
272 1562 316 1596 (vr
331 1562 383 1596 id.)
396 1565 466 1597 sept,
486 1561 575 1589 1322.
699 1557 835 1590 18082.
852 1579 888 1584 —
911 1560 1088 1591 Guillclmus
1103 1560 1204 1601 Ruffi‘,
1222 1570 1290 1591 can.
1310 1559 1382 1590 eccl.
1399 1559 1435 1590 de
1455 1559 1620 1597 Garendia,
1640 1559 1814 1590 Nannecen.
1834 1559 1890 1596 di„
1906 1560 2123 1592 constituitur
2140 1563 2257 1593 custos

653 1615 795 1645 monetae
812 1622 922 1645 aureae
935 1614 970 1644 in
986 1615 1096 1645 castro
1112 1614 1231 1644 Pontis
1247 1613 1373 1653 Sorgiae
1392 1613 1596 1644 fabricandae
1613 1615 1645 1644 et
1659 1613 1963 1645 instrumentorum
1986 1615 2257 1646 necessariorum

651 1676 713 1707 pro
727 1667 896 1698 cussione.
913 1667 963 1707 (V.
981 1668 1030 1703 74,
1047 1675 1098 1706 ep.
1113 1668 1143 1702 4,
1158 1666 1194 1696 de
1210 1667 1323 1705 curia.)

223 1722 257 1750 10
278 1724 320 1758 (ιν
337 1722 388 1753 id.)
405 1724 475 1757 sept.
499 1721 589 1751 1322.
698 1717 832 1750 18083.
851 1739 888 1743 —
905 1720 1048 1750 Mar-chus
1067 1719 1201 1750 Rolandi
1217 1720 1252 1750 de
1269 1719 1358 1750 Senis
1376 1719 1597 1750 constituitur
1616 1720 1793 1758 operarius
1817 1720 2123 1752 instrumentorum
2146 1730 2257 1753 neces-

651 1774 820 1805 sariorum
837 1783 897 1813 pro
915 1774 1073 1805 cussione
1100 1775 1244 1805 monetae
1263 1782 1372 1804 aureae
1397 1773 1557 1803 cudendae
1582 1773 1617 1803 in
1642 1774 1753 1804 castro
1778 1773 1898 1804 Pontis
1922 1773 2048 1814 Sorgiae
2069 1775 2132 1806 sub
2155 1775 2258 1807 certis

651 1827 915 1859 conditionibus.
935 1827 985 1866 (V.
1003 1828 1054 1866 74,
1073 1835 1124 1866 ep.
1140 1828 1170 1863 3,
1189 1826 1225 1857 de
1243 1827 1347 1865 curia;
1365 1826 1494 1861 Coulon,
1510 1835 1543 1857 n.
1561 1827 1666 1864 1522.)

236 1882 256 1910 3
273 1882 305 1919 (v
319 1882 400 1918 non.)
417 1884 469 1910 oct.
487 1881 578 1910 1322.
698 1878 832 1910 18084.
859 1899 896 1903 -
915 1880 1026 1911 Tadoeo
1043 1880 1079 1911 de
1105 1880 1243 1917 Costula‚
1269 1880 1386 1911 vicario
1408 1880 1471 1920 ep.i
1485 1880 1644 1915 Par-men„
1664 1884 1692 1910 et
1710 1881 1802 1920 capit.
1820 1880 1891 1911 eccl.
1911 1881 2072 1918 Parmen.,
2091 1882 2204 1913 mand.
2221 1884 2258 1913 ut

652 1934 758 1966 falsas
776 1935 842 1966 litt.
867 1936 975 1974 apost.
994 1933 1120 1974 quibus
1140 1934 1359 1971 Guillelmus,
1379 1933 1484 1964 abbas
1507 1935 1652 1964 monast.
1672 1942 1699 1964 s.
1718 1933 1907 1965 Salvatoris
1924 1934 1965 1965 de
1991 1934 2100 1972 Tolla,
2121 1935 2258 1967 Placen—

651 1988 711 2020 tin.
727 1988 787 2024 di„
802 1987 889 2019 falso
907 1996 1065 2019 asserens
1083 1996 1118 2018 se
1141 1988 1182 2018 A.
1200 1987 1233 2018 S.
1254 1987 1411 2019 nuntium
1435 1989 1467 2018 et
1482 1987 1645 2026 legatum,
1662 1987 1729 2026 ipsi
1748 1988 1888 2027 ejusque
1904 1987 2010 2018 famil.
2031 1997 2050 2019 a
2066 1988 2153 2020 dicto
2169 1989 2258 2020 vica-

652 2042 703 2072 rio
719 2043 751 2072 et
770 2041 859 2072 clero
885 2041 1043 2072 Parmen.
1063 2041 1103 2072 de
1130 2041 1335 2072 necessariis
1358 2040 1537 2080 providere
1563 2040 1655 2076 fecit,
1673 2040 1715 2071 ad
1733 2040 1858 2071 dictam
1878 2041 1993 2072 sedem
2010 2042 2256 2078 transmittant,

653 2096 685 2126 et
702 2095 813 2126 eumd.
833 2094 986 2125 abbatem
1003 2103 1116 2125 coram
1135 2094 1224 2133 Papa
1240 2094 1355 2125 citent.
1377 2093 1428 2132 (V.
1446 2096 1495 2131 74,
1513 2102 1565 2132 ep.
1583 2095 1612 2130 1,
1628 2093 1664 2124 de
1680 2094 1794 2132 curia.)

293 2150 335 2177 22
353 2153 406 2178 oet.
431 2149 519 2177 1322.
699 2145 833 2176 18085.
851 2165 887 2170 —-
904 2147 1031 2178 Biencio
1054 2147 1201 2184 Caruchi,
1224 2147 1394 2177 Octaviano
1416 2147 1607 2178 Bernardini
1620 2152 1647 2176 et
1664 2146 1795 2177 Andreoe
1813 2146 1848 2177 de
1863 2147 1970 2187 Ruffo,
1987 2148 2208 2179 mercatoribus
2221 2148 2258 2179 de

299 2195 342 2231 (XI
356 2194 415 2222 kal.
431 2195 511 2229 nov.)
653 2202 823 2233 Florentia.
846 2201 1109 2232 Constituuniur
1126 2201 1316 2240 cognitores
1341 2202 1374 2232 et
1393 2201 1656 2231 sententiatores
1678 2202 1820 2232 monetae
1833 2209 1943 2232 aureae
1963 2201 2123 2233 cudendae
2137 2202 2172 2232 in
2188 2211 2258 2233 cas-

651 2258 704 2287 tro
720 2255 839 2286 Pontis
853 2255 990 2294 Sorgiae.
1008 2254 1059 2294 (V.
1077 2256 1127 2291 74,
1145 2263 1197 2293 ep.
1218 2256 1247 2291 2,
1267 2254 1303 2285 de
1321 2254 1431 2290 curia.)

252 2310 289 2338 13
307 2310 370 2345 (id.)
388 2317 451 2337 nov.
469 2309 558 2337 1322.
699 2306 833 2338 18086.
851 2327 888 2331 —
905 2308 1104 2345 Inverardus,
1124 2308 1217 2338 abbas
1231 2314 1361 2339 monast.
1378 2318 1401 2338 s.
1421 2307 1585 2347 Eufemiae,
1605 2307 1638 2337 0.
1657 2307 1693 2339 S.
1708 2307 1760 2345 B.,
1779 2307 1921 2338 Brioeien.
1941 2307 1998 2344 di„
2018 2308 2054 2340 fit
2067 2308 2168 2349 Papae
2184 2318 2256 2348 cap.

652 2363 706 2403 (A.
726 2364 776 2399 19,
795 2362 817 2392 f.
833 2363 893 2394 ⁴93
909 2361 938 2399 ¹³3
961 2362 996 2393 V.
1015 2364 1064 2397 74,
1084 2370 1136 2401 ep.
1151 2363 1202 2398 55,
1221 2361 1258 2391 dc
1275 2362 1388 2400 curia.)

257 2419 270 2445 1
289 2417 374 2454 (kal.)
390 2417 448 2444 dec.
466 2416 556 2444 1322.
699 2413 832 2445 18087.
858 2434 896 2438 —
919 2415 1137 2451 Constitutio,
1159 2415 1316 2446 inhibitio
1334 2417 1365 2446 et
1381 2414 1563 2446 declaratio
1583 2415 1672 2454 quod
1689 2414 1805 2446 nullus
1822 2415 1943 2446 audeat
1961 2416 2038 2455 post
2055 2415 2258 2447 solemniza-

652 2470 780 2501 tionem
796 2469 1018 2505 matrimonii,
1036 2469 1114 2500 licet
1131 2477 1197 2499 non
1215 2468 1318 2499 fuerit
1333 2470 1616 2508 consummatum,
1630 2477 1764 2499 sacrum
1779 2468 1851 2499 ord.
1870 2468 2020 2508 recipere
2037 2477 2140 2500 causa
2155 2470 2259 2510 impe-

653 2523 767 2554 diendi
790 2523 904 2562 ipsum
924 2522 1074 2553 matrim.
1094 2524 1137 2559 et,
1155 2522 1183 2553 si
1205 2523 1322 2553 contra
1339 2522 1468 2559 fecerit,
1487 2530 1547 2553 neo
1566 2522 1599 2552 in
1624 2521 1795 2562 susceptis
1809 2522 1880 2553 ord.
1900 2531 1960 2553 nec
1978 2522 2013 2553 in
2030 2522 2259 2562 suscipiendis

653 2577 848 2608 ministrare
865 2576 986 2615 valeat,
1006 2584 1066 2607 nec
1082 2576 1123 2606 ad
1146 2576 1295 2607 matrim.
1312 2575 1434 2611 redire,
1451 2575 1510 2606 sed
1524 2576 1655 2606 tantum
1674 2584 1735 2615 pro
1752 2575 1862 2607 salute
1880 2575 2001 2607 animae
2017 2584 2087 2607 suae
2102 2576 2138 2607 in
2156 2585 2259 2608 unam

652 2630 804 2670 regulam
822 2629 1044 2670 approbatam
1060 2630 1170 2661 valeat
1183 2629 1323 2661 intrare.
1344 2629 1398 2668 (V.
1416 2631 1465 2666 74,
1483 2637 1536 2669 ep.
1552 2630 1584 2666 5,
1599 2628 1636 2659 de
1649 2628 1761 2668 cum'a.)

235 2686 253 2713 8
273 2685 316 2718 <v1
333 2683 388 2719 id.)
405 2684 464 2713 dec.
487 2683 576 2712 1322.
699 2680 832 2713 18088.
853 2701 886 2706 -
905 2683 1107 2715 Declaratur
1130 2683 1221 2722 quod
1244 2682 1411 2714 bonorum
1429 2683 1464 2714 in
1488 2683 1559 2714 ord.
1588 2683 1627 2714 F.
1644 2682 1691 2714 M.
1710 2682 1957 2722 acquisitorum
1979 2683 2169 2714 dominium
2192 2692 2260 2715 non

653 2737 802 2777 amplius
819 2737 860 2768 ad
873 2737 911 2768 E.
926 2737 981 2774 B.,
999 2736 1059 2767 sed
1075 2737 1117 2767 ad
1136 2736 1208 2768 ord.
1226 2736 1340 2776 ipsum
1358 2737 1505 2776 spectat;
1521 2744 1627 2776 quare
1650 2735 1850 2776 prohibetur
1865 2735 1950 2767 eisd.
1969 2736 2133 2768 fratribus
2148 2745 2189 2768 ne
2202 2745 2261 2767 no-

653 2791 744 2822 mine
760 2791 801 2821 Α.
817 2790 849 2821 S.
866 2790 1015 2830 aliquem
1031 2798 1143 2821 coram
1163 2789 1277 2829 aliquo
1289 2790 1400 2830 judice
1417 2790 1632 2827 conveniant,
1650 2798 1711 2820 nec
1727 2789 1857 2829 aliquid
1871 2789 1912 2820 ab
1928 2797 1967 2821 eo
1982 2790 2098 2829 petant
2112 2797 2173 2820 nec
2188 2789 2259 2820 exi-

652 2845 742 2884 gant,
756 2843 824 2874 nisi
835 2843 875 2875 de
888 2843 1028 2883 speciali
1045 2843 1202 2874 mandato
1220 2843 1317 2874 dietae
1329 2843 1434 2874 sedis.
1450 2853 1466 2873 «
1483 2843 1535 2875 Ad
1545 2843 1755 2874 conditorem
1771 2851 1975 2874 canonum...
1993 2852 2008 2872 »
2025 2841 2077 2882 (V.
2096 2844 2146 2880 74,
2161 2851 2212 2882 ep.
2228 2844 2258 2879 6,

653 2896 690 2927 de
715 2896 821 2932 curia;
847 2896 967 2931 Eubel,
991 2896 1169 2928 Baliarium
1198 2897 1454 2934 Franciscanum,
1481 2898 1504 2927 t.
1530 2897 1572 2931 V,
1600 2905 1634 2936 p.
1660 2897 1729 2933 233,
1747 2905 1780 2926 n.
1798 2896 1875 2932 486;
1892 2895 2030 2929 Baluze,
2047 2894 2257 2931 Mis-cellarum,

595 2980 597 2983 Α
653 2953 676 2982 t.
696 2950 758 2988 ΙΙΙ,
774 2959 807 2981 n.
824 2951 899 2987 221;
920 2949 1042 2991 Corpus
1053 2950 1143 2991 juris
1157 2950 1311 2986 canonici,
1329 2950 1511 2989 Extravag.
1528 2949 1672 2981 ,loannis
1690 2948 1803 2982 XXII,
1822 2949 1873 2980 tit.
1889 2949 1981 2986 XIV,
2002 2957 2074 2988 cap.
2095 2948 2170 2989 111.)

296 3004 334 3031 20
350 3003 407 3031 dec.
428 3003 516 3031 1322.
701 3000 838 3033 18089.
857 3020 896 3026 -
917 3002 1008 3034 Univ.
1035 3003 1154 3034 Christi
1178 3002 1324 3042 fidelibus
1345 3012 1404 3043 per
1425 3012 1555 3042 reqnum
1579 3002 1733 3032 Armeniae
1753 3001 1927 3032 constitutis
1948 3002 1981 3032 et
2008 3000 2080 3032 illis
2098 3001 2138 3033 de
2157 3010 2260 3042 regno

293 3049 360 3084 (³¹¹¹
377 3048 435 3076 kal.
451 3047 523 3084 3³¹⁰)
655 3057 760 3097 Cypri
776 3056 834 3096 qui
849 3065 908 3096 pro
924 3056 988 3087 fide
1005 3056 1170 3087 calholica
1186 3057 1304 3087 contra
1322 3055 1505 3086 Soldanum
1525 3056 1557 3085 et
1574 3054 1729 3086 infideles
1748 3054 1946 3094 pugnabunt
1965 3055 1998 3086 et
2015 3063 2100 3095 quos
2119 3055 2153 3085 in
2170 3054 2260 3086 hello
