2592 3528
270 582 311 610 27
321 582 380 617 J'ul.
399 582 487 610 1322.

277 627 320 662 (vr
335 626 393 654 kal.
409 628 488 662 aug.)

342 848 378 876 Ut
397 856 422 876 s.

340 1113 377 1141 Ut
398 1122 422 1142 s.

269 1273 308 1300 30
318 1272 376 1307 jul.
396 1273 483 1301 1322.

269 1317 316 1351 (111
331 1316 390 1344 kal.
403 1317 483 1354 aug.)

261 1483 302 1511 23
317 1491 383 1518 auo.
403 1483 491 1511 1322.

270 1530 301 1563 (x
319 1529 378 1556 kal.
395 1528 484 1565 sept.)

335 1696 371 1724 Ut
390 1704 414 1724 s.

261 1855 301 1884 27
316 1863 382 1891 auq.
401 1855 489 1885 ¹322.

266 1899 310 1936 (vr
327 1900 386 1928 kal.
403 1902 491 1936 sept.)

223 2072 328 2101 Datum
343 2069 524 2103 Avenione.

230 480 335 508 Datum
350 475 534 509 Avem'one.

605 386 779 418 JOANle
802 386 920 417 PAPAE
942 386 1044 416 xxn.
1069 387 1317 425 (1316-1334).
1335 371 1379 409 ’-
1401 386 1586 417 LITTERAE
1610 386 1661 417 DE
1683 386 1806 418 cnam
2163 389 2220 419 165

670 575 807 608 16162.
825 595 862 600 -
880 577 1032 608 Rainaldo
1047 576 1084 608 de
1097 587 1121 607 s.
1140 576 1300 607 Archemia
1315 576 1445 607 thesaur.
1462 576 1535 607 eccl.
1554 575 1748 613 Noviomen„
1765 578 1887 615 rectori,
1903 583 1931 609 ec
1943 579 2058 610 Joanni
2077 580 2115 611 de
2129 582 2221 612 Ame-

624 631 664 662 le'o
681 641 748 662 can.
765 629 986 670 Lichefelden„
999 630 1127 661 ducatus
1140 629 1302 670 Spoletan.
1321 630 1523 667 thesaurario,
1537 630 1649 660 mand.
1664 631 1700 661 ut
1717 630 1784 661 sibi
1802 631 1969 670 assignari
1986 631 2110 665 faciant
2127 642 2219 666 emo-

622 684 773 716 lumenta
789 683 830 714 ab
846 683 1041 715 exbannitis
1059 683 1141 715 dicti
1153 683 1294 715 ducatus
1313 684 1346 714 et
1362 682 1495 713 duabus
1507 682 1662 722 partibus
1676 683 1832 720 carceris,
1850 692 1888 714 ac
1903 684 1982 715 aliis
1998 685 2219 724 quibuscum-

622 746 687 778 que
701 737 743 768 ad
756 745 925 768 cameram
937 738 1044 776 apost.
1064 736 1184 776 pertin.
1202 745 1262 776 per
1273 744 1504 776 quoscumque
1515 737 1683 775 percepta.
1697 736 1748 774 (A.
1764 738 1812 773 17,
1827 736 1850 766 f.
1864 738 1922 768 411
1938 736 1951 758 b
1960 746 1969 774 ;
1985 737 2020 768 V.
2036 740 2086 775 73,
2099 747 2150 779 ep.
2163 742 2217 778 61,

622 790 658 821 de
671 791 750 829 cur.)

668 840 804 873 16163.
822 860 859 866 -
881 842 1034 874 Rainaldo
1050 842 1085 874 de
1099 853 1123 874 s.
1140 842 1303 873 Arthemia
1313 843 1427 874 mand.
1447 844 1483 874 ut
1499 843 1698 874 marescallo
1712 843 1814 874 curiae
1827 852 1897 875 suae
1914 843 2093 876 interdicat
2108 847 2220 884 potes-

621 898 722 929 tatem
738 896 924 936 recipiendi
938 896 1201 936 compositiones
1218 897 1250 927 et
1264 895 1424 927 finantias
1440 897 1543 936 super
1560 895 1758 927 excessibus
1781 897 1814 927 et
1835 896 1981 934 delictis,
2001 899 2058 929 aut
2073 899 2213 938 quosvis

621 949 858 989 delinquentes
877 949 1032 981 homines
1046 958 1106 989 per
1121 957 1156 980 se
1172 949 1375 989 expediendi
1397 949 1431 980 in
1453 949 1576 980 ducatu
1596 949 1765 988 praedicto,
1782 958 1926 989 eumque
1948 951 1989 981 ad
2004 950 2212 983 reddendum

621 1003 661 1034 de
677 1002 858 1042 praedictis,
874 1002 940 1033 sibi
965 1002 1205 1042 appropriatis,
1224 1002 1391 1033 rationem
1406 1002 1597 1042 compellat.
1616 1002 1666 1040 (A.
1687 1004 1736 1039 17,
1756 1002 1778 1033 f.
1794 1004 1854 1033 412
1866 1002 1880 1024 ¹>
1889 1013 1897 1039 ;
1918 1003 1953 1034 V.
1967 1005 2016 1041 73,
2034 1012 2085 1044 ep.
2102 1005 2153 1042 64,
2172 1004 2209 1035 de

621 1055 702 1096 cur.)

666 1105 802 1139 16161.
822 1125 858 1131 -
877 1107 958 1148 May.
970 1108 1086 1140 Joanm·
1100 1108 1138 1139 de
1150 1107 1268 1139 Amelio
1280 1107 1428 1149 praediceo
1445 1108 1557 1139 mand.
1575 1108 1623 1145 ut,
1643 1108 1672 1139 si
1689 1108 1871 1148 praedictus
1886 1110 1996 1141 rector
2008 1110 2044 1141 in
2060 1111 2213 1150 praemis·

621 1162 670 1193 sis
685 1161 911 1202 negligentem
927 1170 963 1193 se
977 1161 1106 1201 reddet,
1119 1170 1159 1193 ea
1173 1161 1247 1201 ipse
1260 1161 1383 1201 exequi
1399 1163 1432 1193 et
1445 1161 1613 1201 complere
1629 1161 1773 1193 studeat.
1794 1162 1846 1200 (Α.
1867 1163 1916 1200 17,
1938 1162 1960 1193 f.
1979 1163 2079 1199 412b;
2104 1163 2136 1196 V.
2157 1166 2210 1202 73,

620 1223 671 1255 ep.
688 1216 740 1252 65,
758 1214 796 1245 de
813 1215 892 1255 cur.)

666 1265 803 1298 16165.
822 1284 860 1290 -
881 1269 1046 1300 Reservat
1061 1267 1128 1299 sibi
1147 1268 1241 1307 Papa
1266 1268 1480 1308 provisiones
1508 1268 1660 1299 omnium
1681 1268 1774 1306 eccl„
1802 1267 2026 1306 abbatiarum,
2050 1272 2208 1306 monast„

620 1322 761 1362 priorat.
778 1322 853 1358 etc„
872 1321 907 1352 in
930 1320 1160 1360 patriarchatu
1177 1321 1390 1361 Aquilegen„
1406 1329 1533 1352 necnon
1549 1321 1787 1358 Mediolanen.,
1804 1322 2048 1360 Ravennatem,
2065 1323 2210 1355 Januen.

622 1376 655 1406 et
677 1375 791 1406 Pisan.
816 1374 1002 1414 provinciis
1023 1374 1282 1406 consistentium
1306 1373 1358 1414 (V.
1376 1376 1426 1410 73,
1447 1383 1500 1414 ep.
1527 1375 1578 1411 89,
1599 1374 1635 1405 de
1658 1384 1744 1411 cur.;
1761 1375 1942 1415 Raynaldi,
1966 1375 2104 1407 Annales
2118 1377 2215 1408 eccle-

618 1428 734 1459 siastici
748 1427 789 1458 ad
809 1437 922 1458 annum
942 1429 1032 1465 1322,
1053 1427 1068 1467 ξ
1084 1427 1157 1466 IV.)

665 1479 799 1511 16166.
818 1499 857 1505 —-
874 1481 956 1523 May.
975 1481 1137 1513 Guillelmo
1154 1481 1192 1513 de
1214 1481 1355 1519 Balaeeo,
1373 1481 1499 1513 archid.
1527 1480 1748 1521 Forojulien.,
1778 1481 1879 1521 Papae
1906 1490 1993 1521 cap.,
2018 1482 2210 1522 Campaniae

618 1535 866 1575 Maritimaeque
882 1535 1017 1573 rectori,
1034 1543 1126 1566 conc.
1141 1536 1178 1566 ut
1193 1535 1311 1567 incolae
1328 1534 1465 1566 illarum
1479 1534 1627 1574 partium
1640 1534 1773 1574 possint
1791 1534 1832 1565 ad
1845 1543 1934 1572 eum,
1952 1543 2027 1566 cum
2043 1537 2217 1576 metropo-

618 1589 763 1621 litanum
778 1597 845 1620 non
859 1588 1016 1626 habeant,
1033 1587 1074 1619 ab
1090 1588 1263 1620 audientia
1278 1588 1528 1620 ordinariorum
1546 1596 1686 1618 suorum
1710 1588 1742 1618 et
1761 1588 1967 1619 vicariorum
1990 1590 2141 1620 eorumd.
2159 1598 2218 1629 ap·

618 1642 758 1683 pellare,
777 1650 885 1682 usque
903 1642 945 1673 ad
960 1650 1097 1673 annum.
1114 1641 1168 1682 (A.
1182 1644 1232 1677 17,
1249 1641 1271 1672 f.
1290 1643 1350 1673 374
1362 1646 1392 1678 ³;
1416 1641 1453 1672 V.
1472 1642 1522 1678 73,
1540 1649 1591 1680 ep.
1611 1642 1642 1676 3,
1659 1640 1695 1671 de
1714 1642 1794 1680 cur.)

664 1692 799 1726 16167.
818 1713 855 1718 --
873 1695 1100 1727 Confirmatur
1127 1695 1264 1727 donatio
1283 1695 1364 1726 eccl.
1391 1694 1644 1735 Pontissorgiae,
1669 1694 1877 1726 Avenionen.
1906 1694 1964 1731 di„
1986 1703 2005 1725 a
2019 1695 2214 1727 Raimundo

618 1748 694 1781 abb.
712 1750 745 1780 et
758 1757 853 1780 conv.
871 1750 1016 1780 monast.
1033 1748 1242 1784 Cluniacen.,
1269 1748 1487 1780 Matisconen.
1505 1748 1565 1784 di.,
1586 1747 1746 1778 Ecclesiae
1764 1748 1924 1779 Romanae
1947 1747 2034 1779 facta
2049 1748 2091 1779 ad
2110 1757 2211 1780 usum

616 1802 736 1843 palatii
750 1802 883 1843 papalis
900 1802 1149 1842 Pontissorgiae.
1168 1802 1219 1841 (A.
1245 1804 1294 1839 17,
1310 1801 1333 1832 f.
1350 1802 1409 1833 388
1425 1807 1453 1838 a;
1480 1800 1513 1832 V.
1529 1802 1580 1838 73,
1599 1809 1651 1840 ep.
1672 1801 1722 1839 88,
1741 1800 1777 1831 de
1792 1802 1873 1840 cur.)

663 1853 800 1885 16168.
817 1874 855 1878 —
870 1855 963 1886 Petro
979 1854 1015 1887 de
1031 1855 1197 1896 Noqareto,
1217 1855 1347 1886 thesaur.
1366 1854 1589 1895 Burdeqalen„
1610 1854 1671 1884 liet.
1695 1859 1796 1895 apost.
1816 1854 2091 1891 contradictarum,
2118 1859 2147 1885 et
2161 1855 2216 1887 Ja-

618 1910 690 1941 eobo
707 1909 743 1940 de
758 1908 888 1947 Mutina,
904 1919 972 1940 can.
989 1908 1181 1941 Cameracen.
1196 1908 1282 1944 eccl„
1299 1912 1396 1949 apost.
1411 1908 1526 1949 palatii
1539 1918 1700 1938 causarum
1715 1907 1918 1944 auditoribus,
1933 1908 2046 1939 mand.
2060 1909 2097 1939 ut
2112 1909 2215 1940 certis

617 1963 775 1995 terminis
789 1964 821 1994 et
835 1962 1004 1994 limitibus
1018 1962 1228 2003 distinguant
1242 1962 1413 1994 territoria
1427 1963 1615 1993 castrorum
1629 1961 1879 2001 Pontissorgiae,
1893 1961 1935 1992 ad
1957 1962 2156 1999 Romanam,
2183 1963 2215 1993 et

617 2016 800 2054 Biturritae,
821 2016 863 2047 ad
879 2015 1087 2047 Avenionen.
1107 2015 1186 2047 eccl.
1204 2015 1457 2055 pertinentium.
1483 2015 1536 2055 (Α.
1556 2016 1604 2051 17,
1622 2014 1645 2045 f.
1661 2015 1720 2045 387
1735 2014 1748 2035 b
1759 2024 1768 2052 ;
1795 2013 1829 2045 V.
1853 2016 1903 2051 73,
1926 2023 1978 2054 ep.
1995 2016 2045 2052 87,
2064 2014 2101 2045 de
2129 2017 2214 2054 cur.)

664 2066 788 2099 16169
816 2086 854 2092 -
873 2069 967 2100 Petro
983 2068 1018 2100 de
1036 2069 1144 2106 Bonis,
1160 2068 1277 2099 archid.
1303 2068 1486 2100 Cambraliae
1504 2068 1537 2098 in
1557 2068 1629 2099 eccl.
1653 2068 1855 2103 Lemovicen.‚
1873 2073 1901 2098 et
1922 2067 2015 2098 Petro
2032 2067 2211 2105 Raimundi,

619 2122 654 2153 O.
678 2122 714 2153 F.
732 2123 784 2160 Ρ.,
800 2122 898 2163 ejusd.
922 2121 989 2154 ord.
1010 2122 1222 2163 procuratori,
1238 2122 1278 2152 A.
1294 2122 1330 2152 S.
1347 2122 1475 2159 nuntiis,
1494 2121 1606 2153 mand.
1633 2122 1669 2153 ut
1696 2122 1731 2153 in
1754 2121 1908 2153 ecclesiis
1930 2121 2120 2153 Florentin.
2142 2129 2216 2152 mo-

618 2177 719 2207 neant
734 2176 926 2207 detentores
943 2175 998 2207 vel
1015 2176 1254 2216 cognoscentes
1269 2175 1461 2207 detentores
1478 2175 1617 2206 decimoe
1633 2174 1780 2206 collectae
1798 2183 1857 2214 per
1880 2173 1911 2205 b.
1932 2182 1995 2205 me.
2025 2173 2211 2206 Antonium

617 2237 732 2269 ep.um
754 2228 941 2261 Florentin.
963 2229 1005 2259 ad
1027 2228 1113 2268 ipsis
1136 2236 1211 2260 eam
1234 2227 1473 2268 assignandam
1479 2237 1490 2264 ;
1513 2227 1666 2268 alioquin
1688 2229 1805 2259 contra
1830 2227 1911 2259 illos
1928 2236 2058 2259 excom.
2076 2228 2214 2259 senten-

617 2282 701 2313 tiam
719 2282 903 2322 proferant.
921 2282 975 2323 (A.
993 2283 1042 2319 17,
1059 2281 1084 2312 f.
1100 2283 1160 2314 432
1175 2286 1188 2303 ¹
1199 2290 1208 2319 ;
1230 2281 1266 2312 V.
1285 2283 1335 2318 73,
1353 2289 1405 2321 ep.
1419 2282 1471 2319 80,
1485 2281 1522 2312 de
1543 2282 1622 2320 cur.)
