2592 3528
380 337 441 369 206

417 425 519 452 nalum
539 418 720 453 Avenione.

458 527 494 554 16
510 534 572 553 nov.
593 525 680 554 1322.

453 572 516 605 (xv1
532 571 590 598 kal.
607 570 682 602 dec.)

513 615 544 642 T.
566 615 622 642 XX.

525 1060 560 1088 Ut
580 1068 604 1087 s.

478 1105 508 1132 T.
525 1104 655 1138 Χ1,Χ111.

454 1276 490 1304 17
506 1283 568 1304 nov.
591 1275 670 1303 1322

450 1321 502 1355 (xv
515 1321 574 1348 kal.
598 1321 672 1355 dec.)

526 1366 557 1392 T.
575 1366 603 1392 L.

525 1546 557 1574 ct
577 1555 601 1574 s.

500 1591 531 1619 T.
551 1591 627 1619 CCC.

524 1977 559 2005 Ut
580 1986 603 2005 s.

520 2087 556 2115 Ut
577 2096 600 2115 S.

512 2132 542 2159 T.
563 2132 617 2160 CC.

522 2198 558 2226 Ut
580 2207 603 2226 s.

507 2242 537 2269 T.
559 2243 612 2270 CC.

517 2308 552 2335 Ut
578 2317 602 2336 s.

506 2353 536 2380 T.
558 2353 612 2381 CC.

523 2473 558 2500 Ut
572 2481 595 2500 s.

507 2517 536 2543 T.
558 2517 611 2544 CC.

522 2634 557 2662 Ut
574 2643 598 2662 s.

508 2678 537 2705 T.
560 2679 613 2706 CC.

520 2743 556 2771 Ut
574 2752 598 2772 s.

508 2788 539 2815 T.
558 2789 612 2816 CC.

522 2907 555 2934 Ut
573 2916 597 2934 s.

773 331 947 363 JOANNlS
970 331 1090 363 PAPAE
1112 331 1213 363 XXII.
1237 332 1492 373 (1816-1834).
1514 349 1552 356 -
1576 329 1762 361 LITTERAE
1785 328 2011 361 COMMUNES

859 519 989 552 16585.
1005 540 1042 545 -
1059 522 1094 554 S.
1114 521 1243 552 Auberti
1264 526 1291 552 ee
1310 532 1333 551 s.
1357 520 1524 561 Sepulchri
1542 518 1750 554 cameracen„
1766 528 1803 549 αι·
1825 517 1991 557 Via-anien„
2011 518 2187 551 Atrebatem
2206 518 2264 557 di..
2281 524 2410 551 monast.

809 575 891 613 abb„
909 575 1020 606 mand.
1036 577 1072 606 ut
1091 575 1276 606 Henricum
1293 575 1334 605 de
1349 573 1517 606 Geldonia
1535 581 1607 604 can.
1624 573 1840 604 cameracen.
1857 572 2056 612 provideant
2071 572 2113 604 de
2133 572 2284 613 simplici
2298 572 2411 605 benef.

810 637 836 660 s.
856 638 884 660 c.
911 629 944 659 in
964 629 1008 659 di.
1035 629 1262 664 cameracen„
1290 627 1472 666 personatu
1495 626 1536 657 de
1561 625 1680 657 Ghelle
1702 625 1889 664 vulgariter
1910 626 2114 666 nuncupato,
2141 634 2202 666 per
2224 627 2411 658 consecrat.

808 682 949 713 Joannis
963 681 1061 712 electi
1079 681 1267 719 Trajecten.
1287 680 1320 710 in
1337 679 1432 710 brevi
1450 679 1574 715 vacat.;
1589 678 1718 710 consid.
1736 678 1853 710 Mariae
1868 679 1910 710 R.
1928 678 1967 710 F.
1985 679 2018 710 et
2033 678 2091 716 N.‚
2105 678 2203 719 quus
2218 678 2299 711 cler.
2315 680 2350 711 et
2365 679 2414 711 fa·

810 735 882 765 mil.
900 734 1036 770 existit;
1051 742 1115 764 non
1133 733 1219 764 obst.
1238 733 1271 763 in
1289 732 1378 763 dicta
1395 731 1623 769 Cameracen.,
1641 731 1682 762 de
1698 730 1824 772 quibus
1841 731 1964 772 litigat,
1981 732 2014 763 et
2029 732 2064 764 in
2079 740 2108 763 s.
2120 731 2358 764 waldetrudis
2370 732 2412 764 de

809 786 982 818 Montibus
999 787 1032 817 in
1048 786 1238 822 Hannonis,
1257 794 1294 816 ac
1317 794 1344 816 s.
1364 784 1502 816 Martini
1523 784 1683 816 Leodien.
1702 793 1821 816 canon.
1845 785 1878 816 et
1895 784 2013 824 presb„
2031 793 2162 817 necnon
2178 793 2274 826 perp.
2289 785 2410 826 capell.

810 840 842 870 in
861 839 923 870 fori
949 849 976 871 s.
995 839 1146 876 Martini,
1173 839 1332 870 Leodien.
1352 838 1416 874 di.;
1443 837 1536 869 omni
1560 838 1673 869 autem
1689 833 1767 878 jure
1785 837 1852 869 sibi
1870 837 1906 869 in
1921 846 2039 870 canon.
2058 839 2091 870 et
2107 837 2211 878 praeb.
2233 838 2299 870 sub
2313 847 2411 879 exsp.

809 893 913 932 dign„
930 894 1132 931 personatus
1151 900 1211 923 seu
1229 892 1283 922 off.
1306 900 1333 922 c.
1351 900 1378 922 c.
1396 890 1451 922 vel
1467 900 1495 922 s.
1518 899 1546 923 c.
1566 899 1594 921 s.
1613 891 1788 923 Geltrudis
1802 890 1985 928 Nivellen.,
2000 891 2083 924 etin
2100 900 2218 923 canon.
2236 891 2300 923 sub
2312 900 2410 932 exsp.

808 945 910 985 praeb.
927 954 954 976 s.
972 945 1061 976 Petri
1081 945 1128 975 Lo
1136 945 1278 980 venien„
1296 944 1512 975 Cameracen.
1530 946 1562 975 et
1574 944 1736 975 Leodieu.
1753 944 1846 976 civit.
1862 945 1896 976 et
1909 944 1969 979 di.‚
1983 952 2022 976 ac
2033 944 2190 977 Parmen.
2207 944 2302 982 eccl.,
2321 953 2411 977 com-

808 1000 942 1038 petente
959 998 1143 1029 destitutus
1161 998 1344 1028 remaneat.
1363 997 1415 1036 (A.
1437 998 1486 1034 18,
1504 997 1527 1028 f.
1545 998 1585 1028 70
1599 1002 1630 1035 ⁸3
1655 996 1686 1029 V.
1706 999 1756 1034 74.
1775 1006 1829 1037 ep.
1846 997 1931 1038 142.)

855 1052 989 1084 16586.
1007 1072 1043 1078 -
1061 1055 1194 1095 ltuqerio
1212 1054 1348 1085 Budecta
1363 1055 1400 1085 de
1413 1055 1537 1090 Aversa,
1553 1055 1633 1086 cler.
1649 1055 1814 1087 Aversau.
1829 1055 1890 1090 di.,
1903 1055 2014 1096 gratia
2026 1063 2123 1096 exsp.
2137 1054 2248 1087 benef.
2266 1055 2302 1087 in
2316 1054 2409 1088 civit.

808 1108 861 1139 vel
877 1109 923 1139 di.
947 1109 1110 1148 Capuan„
1128 1108 1251 1147 pertin.
1270 1108 1313 1139 ad
1329 1108 1442 1139 collat.
1458 1108 1621 1148 archiep.i
1643 1108 1793 1148 Capuan.
1811 1125 1848 1132 -
1863 1109 1890 1140 I.
1908 1116 1938 1140 e.
1955 1117 2000 1139 m.
2018 1108 2094 1140 abb.
2114 1109 2260 1141 monast.
2276 1117 2305 1140 s.
2325 1109 2412 1140 Lau·

807 1161 909 1192 rentii
923 1161 963 1192 de
981 1162 1122 1198 Aversa,
1142 1162 1175 1192 et
1191 1161 1292 1192 Petro
1313 1161 1501 1198 Brancacii,
1516 1161 1747 1201 Neapolitan„
1765 1162 1865 1202 Papae
1881 1170 1967 1202 cap„
1985 1170 2023 1194 ac
2038 1161 2176 1194 Thomae
2191 1162 2232 1194 de
2247 1161 2409 1200 Man-ture,

807 1216 971 1245 Aversan.
988 1214 1068 1246 eccl.
1086 1223 1157 1245 can.
1174 1214 1228 1254 (A.
1247 1215 1296 1252 18,
1316 1214 1414 1247 1.·226
1428 1220 1459 1252 ἃς
1485 1214 1519 1246 V.
1535 1217 1586 1254 74,
1605 1223 1657 1255 ep.
1673 1216 1759 1254 373.)

853 1269 988 1300 16587.
1006 1289 1044 1294 -
1064 1271 1236 1302 Bercrando
1252 1282 1276 1304 s.
1294 1271 1437 1303 Marcelli
1454 1272 1555 1313 presb.
1576 1272 1677 1310 card„
1695 1273 1736 1304 A.
1752 1272 1785 1305 S.
1803 1273 1927 1312 legato,
1943 1273 2058 1305 mand.
2075 1274 2112 1305 ut
2124 1272 2284 1313 procedat
2299 1272 2342 1304 ad
2358 1271 2411 1304 ul-

807 1326 933 1356 teriora
950 1325 984 1356 in
1009 1326 1144 1365 negotio
1160 1325 1337 1357 electionis
1351 1326 1501 1357 Jannelli
1518 1326 1560 1357 ad
1576 1326 1657 1358 eccl.
1675 1326 1873 1364 calaritan„
1891 1327 1969 1366 post
1986 1326 2070 1358 obit.
2086 1326 2229 1358 Ranutii
2249 1325 2412 1366 archiep.i

808 1378 985 1410 celebratae
993 1388 1002 1415 3
1017 1379 1106 1418 quod
1124 1379 1261 1419 quidem
1275 1379 1448 1419 negotium
1461 1380 1495 1411 S.
1507 1380 1548 1411 A.
1559 1379 1754 1411 transmisit
1766 1388 1809 1411 ex
1822 1388 1861 1411 eo
1876 1380 1967 1420 quod
1982 1380 2085 1420 Papa,
2100 1381 2283 1420 postquam
2299 1379 2413 1419 dictus

806 1432 985 1463 Jannellus
1011 1432 1168 1463 electioni
1200 1441 1270 1464 suae
1297 1433 1527 1470 consenserat,
1554 1433 1678 1465 dictam
1706 1433 1787 1464 eccl.
1821 1433 2041 1473 dispositioni
2069 1441 2140 1464 suae
2166 1433 2411 1465 reservaverat.

807 1485 859 1524 (A.
877 1486 927 1522 18,
945 1485 966 1516 f.
983 1487 1040 1517 127
1053 1491 1086 1523 *ς
1110 1485 1144 1517 V.
1163 1488 1214 1524 74,
1232 1495 1284 1526 ep.
1305 1488 1389 1526 159.)

853 1540 987 1573 «6588.
1009 1561 1047 1566 -—
1064 1544 1162 1583 May„
1179 1544 1349 1584 prioribus,
1364 1543 1530 1574 castellano
1546 1549 1575 1574 et
1592 1544 1832 1586 praeceptoribus
1850 1543 2014 1586 hospitalis
2031 1554 2056 1575 ε.
2076 1544 2207 1576 Ioannis
2222 1542 2412 1576 Jerosolnni-

808 1597 876 1626 tani
887 1597 1025 1628 licentia
1038 1597 1241 1628 concedendi
1256 1598 1375 1629 domos
1390 1599 1422 1629 et
1435 1598 1673 1637 possessiones
1689 1598 1803 1629 minus
1814 1598 1917 1629 utiles
1930 1597 1966 1628 in
1977 1597 2228 1638 emphyteusim
2239 1606 2335 1638 perp.
2349 1605 2412 1638 pro

806 1651 897 1681 certa
917 1659 1028 1681 annua
1050 1650 1214 1690 pensione
1239 1651 1293 1682 vel
1313 1651 1356 1682 ad
1380 1659 1520 1682 censum
1543 1659 1637 1691 perp.
1664 1659 1752 1682 anno
1777 1651 1929 1691 quolibet
1950 1651 2226 1691 persolvendum,
2248 1652 2281 1682 et
2303 1650 2412 1683 dictas

806 1704 924 1734 domos
944 1704 1046 1734 etiam
1073 1703 1240 1735 vendendi
1261 1704 1291 1735 si
1315 1704 1424 1744 magis
1445 1704 1646 1744 expedierit,
1674 1704 1843 1744 adjunctis
1867 1704 2074 1744 quibusdam
2095 1704 2276 1742 clausulis,
2302 1703 2352 1735 ita
2373 1703 2412 1735 ut

806 1757 940 1796 possint
965 1757 1097 1788 solvere
1117 1756 1231 1788 debita
1247 1757 1373 1797 quibus
1391 1758 1518 1789 dictum
1533 1757 1702 1797 hospitale
1719 1759 1879 1798 gravatur
1896 1766 2038 1798 quaeque
2062 1766 2152 1789 nunc
2167 1757 2355 1789 ascendunt
2368 1756 2411 1789 ad

807 1811 942 1842 500.000
958 1810 1031 1841 flor.
1053 1810 1199 1846 circiter,
1221 1819 1337 1850 quaeve
1353 1810 1443 1842 iufra
1458 1811 1645 1842 triennium
1661 1819 1722 1851 per
1737 1811 1979 1851 responsiones
1996 1811 2085 1842 inter
2100 1811 2196 1851 ipsos
2210 1810 2246 1842 in
2260 1809 2410 1851 capitulo

805 1864 968 1903 generali,
988 1872 1095 1903 nuper
1118 1863 1245 1899 habito,
1264 1864 1335 1903 jam
1354 1865 1502 1902 taxatas,
1526 1864 1758 1896 diminuentur
1776 1864 1818 1895 ad
1834 1865 1968 1896 193.000
1987 1864 2060 1896 flor.
2078 1864 2268 1896 dumtaxat.
2285 1863 2339 1905 (A.
2359 1863 2409 1900 18,

806 1917 829 1948 f.
848 1919 886 1949 76
903 1917 974 1948 l2-78
989 1916 1019 1954 ¹³3
1045 1916 1076 1947 V.
1098 1919 1148 1954 74,
1167 1926 1219 1957 ep.
1239 1919 1293 1948 171
1311 1917 1367 1958 A.)

854 1972 989 2004 16589.
1005 1992 1044 1998 -
1056 1974 1184 2005 Eisdem
1195 1984 1287 2006 conc.
1305 1975 1395 2006 dicta
1406 1975 1543 2007 licentia
1556 1984 1617 2015 pro
1630 1984 1733 2015 regno
1746 1975 1872 2008 Siciliae
1887 1976 1957 2007 tam
1971 1975 2063 2007 ultra
2073 1983 2174 2016 quam
2186 1975 2270 2007 citra
2284 1974 2408 2008 farum.

807 2029 857 2066 (A.
876 2030 925 2065 18,
940 2028 962 2059 f.
979 2030 1018 2060 79
1032 2033 1060 2065 ³3
1084 2028 1117 2059 V.
1133 2030 1183 2065 74,
1198 2037 1250 2068 ep.
1267 2030 1322 2059 171
1341 2028 1395 2068 Β.)

853 2083 988 2115 16590.
1011 2104 1050 2108 -
1073 2085 1163 2116 Eisd.
1180 2095 1272 2117 conc.
1291 2087 1380 2118 dicta
1394 2086 1533 2118 licentia
1551 2095 1612 2126 pro
1629 2086 1741 2122 Italia,
1760 2087 1794 2118 et
1810 2086 1976 2118 Sardiniae
1995 2095 2034 2118 ac
2047 2086 2193 2118 Corsicae
2209 2086 2410 2127 caeterisque

805 2139 914 2170 Italiae
931 2140 1068 2177 insulis,
1085 2140 1169 2170 citra
1186 2148 1327 2179 regnum
1349 2139 1486 2171 Siciliae.
1501 2140 1555 2180 (A.
1573 2140 1623 2175 18,
1642 2139 1665 2170 f.
1685 2142 1724 2172 79
1741 2139 1774 2178 ¹³5
1797 2139 1829 2170 V.
1844 2142 1894 2176 71,
1911 2148 1964 2180 ep.
1980 2141 2037 2172 171
2052 2139 2104 2180 C.)

852 2194 985 2226 16591.
1008 2215 1046 2219 -
1061 2197 1152 2227 Eisd.
1176 2206 1268 2228 conc.
1287 2197 1377 2228 dicta
1393 2197 1530 2229 licentia
1549 2206 1608 2237 pro
1630 2206 1734 2238 regno
1757 2197 1942 2238 Hungariae
1959 2197 2159 2238 caeterisque
2175 2197 2279 2229 terris
2295 2196 2410 2229 Caroli

804 2251 894 2290 regis
909 2251 1092 2290 Hungariae
1107 2250 1227 2281 ditioni
1244 2251 1418 2290 subiectis.
1437 2251 1490 2290 (A.
1507 2252 1564 2288 18,
1577 2251 1599 2281 f.
1619 2253 1658 2283 79
1673 2251 1705 2288 1‘3
1727 2251 1763 2282 V.
1780 2253 1831 2288 74,
1847 2259 1900 2291 ep.
1915 2253 1972 2282 171
1991 2250 2050 2291 D.)

852 2305 984 2337 16592.
1006 2327 1043 2331 -
1064 2307 1155 2339 Eisd.
1174 2317 1265 2339 conc.
1284 2309 1374 2339 dieta
1392 2308 1531 2340 licentia
1545 2317 1607 2348 pro
1621 2308 1830 2348 prioratibus
1848 2309 1881 2340 et
1897 2309 2127 2348 praeceptoriis
2144 2317 2206 2348 per
2222 2307 2408 2346 Arelatem,

805 2362 949 2401 Aquen.,
967 2361 1196 2399 Ebredunen.‚
1211 2362 1392 2399 Viennen.‚
1409 2362 1622 2402 Lugdunen.,
1641 2362 1876 2394 Tarantasien.
1891 2363 1923 2393 et
1936 2362 2108 2393 Bisuntin.
2122 2361 2310 2402 provinciis
2324 2361 2410 2394 citra

804 2414 996 2452 Rodanum,
1009 2423 1138 2446 necnon
1149 2424 1209 2455 per
1218 2424 1336 2446 omnes
1348 2416 1458 2446 terras
1471 2415 1611 2455 Imperii
1622 2415 1829 2446 constitutis.
1841 2414 1893 2455 (A.
1907 2417 1957 2452 18,
1970 2414 2042 2446 1180
2054 2420 2085 2451 ιι;
2104 2414 2141 2446 V.
2151 2415 2202 2452 7⁴,
2218 2423 2271 2454 ep.
2286 2416 2342 2446 171
2353 2413 2409 2455 Ε.)

852 2469 987 2501 16593.
1012 2490 1050 2494 -
1069 2472 1159 2502 Eisd.
1176 2481 1268 2503 conc.
1287 2473 1377 2503 dict-a
1396 2472 1534 2504 licentia
1548 2481 1610 2512 pro
1627 2481 1731 2512 regno
1749 2472 1881 2512 Angliae
1901 2474 1934 2504 et
1949 2472 2080 2504 caeteris
2093 2472 2196 2503 terris
2209 2472 2300 2503 ultra
2314 2479 2408 2504 mare

805 2525 1020 2564 anglicanum
1038 2525 1305 2557 consistentibus
1318 2525 1508 2566 ditionique
1524 2525 1675 2557 Eduardi
1691 2525 1781 2565 regis
1797 2525 1929 2565 Angliae
1946 2525 2119 2566 subjectis.
2139 2525 2191 2564 (Α.
2210 2526 2259 2562 18,
2278 2525 2302 2557 f.
2321 2526 2362 2556 80
2374 2530 2407 2568 ⁸5

810 2578 843 2608 V.
859 2580 909 2613 71,
922 2587 974 2617 ep.
990 2580 1046 2609 171
1065 2579 1117 2616 F.)

851 2633 985 2665 16591.
1006 2653 1044 2658 —-
1061 2635 1153 2666 Eisd.
1170 2645 1262 2667 conc.
1279 2636 1369 2667 dicta
1382 2636 1521 2667 licentia
1533 2644 1595 2675 pro
1610 2644 1712 2676 regno
1726 2635 1904 2676 Aragoniae
1919 2637 1951 2667 et
1962 2636 2093 2668 caeteris
2108 2636 2210 2668 terris
2224 2635 2341 2668 Jacobi
2357 2645 2407 2669 re·

803 2689 856 2728 gis
872 2690 1067 2728 Aragonum
1085 2689 1207 2720 ditioni
1229 2689 1401 2729 subjectis.
1419 2689 1471 2727 (Α.
1493 2690 1541 2726 18,
1559 2688 1582 2719 f.
1602 2690 1643 2721 80
1658 2689 1686 2726 ¹¹3
1708 2689 1744 2720 V.
1764 2691 1813 2727 74,
1831 2698 1884 2729 ep.
1907 2691 1961 2720 171
1980 2690 2034 2728 G.)

851 2744 985 2775 16595.
1006 2764 1044 2769 —
1062 2746 1155 2777 Eisd.
1174 2755 1267 2778 conc.
1294 2747 1384 2778 dicta
1399 2746 1538 2778 licentia
1559 2755 1620 2786 pro
1638 2755 1742 2787 regno
1758 2747 1995 2786 Majoricarum
2014 2749 2046 2779 et
2064 2748 2196 2779 caeteris
2210 2747 2312 2779 terris
2330 2755 2408 2779 con-

803 2799 1006 2830 sistentibus
1026 2802 1059 2830 in
1082 2800 1244 2831 comitatu
1259 2799 1468 2831 Rossilionis
1484 2800 1518 2831 et
1532 2799 1716 2831 Cataloniae
1736 2809 1773 2831 ac
1789 2800 1903 2832 Sancii
1923 2800 2011 2841 regis
2029 2800 2268 2841 Majoricarum
2284 2800 2407 2833 ditioni

803 2852 977 2892 subJectis.
997 2853 1049 2892 (A.
1070 2854 1118 2890 18,
1137 2853 1160 2883 f.
1178 2854 1218 2884 80
1235 2852 1267 2889 b3
1297 2852 1328 2884 V.
1349 2854 1398 2891 74,
1418 2862 1470 2892 ep.
1490 2854 1544 2883 171
1560 2853 1619 2893 Η.)

850 2907 984 2939 16596.
1003 2929 1040 2933 -
1057 2910 1152 2941 Eisd.
1174 2919 1265 2941 conc.
1284 2910 1373 2942 dicta
1395 2910 1533 2942 licentia
1553 2920 1614 2951 pro
1636 2911 1731 2951 regni
1749 2911 1855 2952 Cypri
1878 2911 2088 2952 prioratibus
2106 2913 2139 2943 et
2161 2911 2404 2952 praeceptoriis.

803 2964 855 3002 (A.
873 2964 921 3000 18,
940 2963 964 2994 f.
980 2965 1018 2995 81
1038 2969 1069 3001 ε,
1093 2963 1125 2994 V.
1142 2965 1193 3002 74,
1211 2972 1263 3004 ep.
1282 2965 1335 2995 171
1355 2963 1397 3003 Ι.)
