<?xml version="1.0" encoding="UTF-8"?>
<!DOCTYPE html PUBLIC "-//W3C//DTD XHTML 1.0 Transitional//EN"
    "http://www.w3.org/TR/xhtml1/DTD/xhtml1-transitional.dtd">
<html xmlns="http://www.w3.org/1999/xhtml" xml:lang="en" lang="en">
 <head>
  <title>
</title>
<meta http-equiv="Content-Type" content="text/html;charset=utf-8" />
  <meta name='ocr-system' content='tesseract 3.04.00' />
  <meta name='ocr-capabilities' content='ocr_page ocr_carea ocr_par ocr_line ocrx_word'/>
</head>
<body>
  <div class='ocr_page' id='page_1' title='image "./lettrescommunes04romeuoft_0167.png"; bbox 0 0 2592 3528; ppageno 0'>
   <div class='ocr_carea' id='block_1_1' title="bbox 0 2599 135 3528">
    <p class='ocr_par' dir='ltr' id='par_1_1' title="bbox 0 2599 135 3528">
     <span class='ocr_line' id='line_1_1' title="bbox 0 2599 135 3528; baseline 0 0"><span class='ocrx_word' id='word_1_1' title='bbox 0 2599 135 3528; x_wconf 95' lang='lat' dir='ltr'> </span> 
     </span>
    </p>
   </div>
   <div class='ocr_carea' id='block_1_2' title="bbox 0 0 404 404">
    <p class='ocr_par' dir='ltr' id='par_1_2' title="bbox 0 0 404 404">
     <span class='ocr_line' id='line_1_2' title="bbox 0 0 404 404; baseline 0 3124"><span class='ocrx_word' id='word_1_2' title='bbox 0 0 404 404; x_wconf 95' lang='lat' dir='ltr'> </span> 
     </span>
    </p>
   </div>
   <div class='ocr_carea' id='block_1_3' title="bbox 263 479 570 514">
    <p class='ocr_par' dir='ltr' id='par_1_3' title="bbox 263 479 570 514">
     <span class='ocr_line' id='line_1_3' title="bbox 263 479 570 514; baseline -0.007 0"><span class='ocrx_word' id='word_1_3' title='bbox 263 487 364 514; x_wconf 82' lang='lat' dir='ltr'>Datum</span> <span class='ocrx_word' id='word_1_4' title='bbox 386 479 570 514; x_wconf 80' lang='lat' dir='ltr'>Avem&#39;one.</span> 
     </span>
    </p>
   </div>
   <div class='ocr_carea' id='block_1_4' title="bbox 368 551 448 557">
    <p class='ocr_par' dir='ltr' id='par_1_4' title="bbox 368 551 448 557">
     <span class='ocr_line' id='line_1_4' title="bbox 368 551 448 557; baseline 0 0"><span class='ocrx_word' id='word_1_5' title='bbox 368 551 448 557; x_wconf 95' lang='lat' dir='ltr'> </span> 
     </span>
    </p>
   </div>
   <div class='ocr_carea' id='block_1_5' title="bbox 301 586 528 667">
    <p class='ocr_par' dir='ltr' id='par_1_5' title="bbox 301 586 528 667">
     <span class='ocr_line' id='line_1_5' title="bbox 301 586 528 622; baseline 0.004 -8"><span class='ocrx_word' id='word_1_6' title='bbox 301 587 342 614; x_wconf 83' lang='lat'>22</span> <span class='ocrx_word' id='word_1_7' title='bbox 355 590 424 622; x_wconf 83' lang='lat' dir='ltr'>sept.</span> <span class='ocrx_word' id='word_1_8' title='bbox 440 586 528 615; x_wconf 73' lang='lat'>1321.</span> 
     </span>
     <span class='ocr_line' id='line_1_6' title="bbox 316 631 516 667; baseline -0.01 -8"><span class='ocrx_word' id='word_1_9' title='bbox 316 634 347 667; x_wconf 86' lang='lat' dir='ltr'>(x</span> <span class='ocrx_word' id='word_1_10' title='bbox 366 631 424 659; x_wconf 87' lang='lat' dir='ltr'>kal.</span> <span class='ocrx_word' id='word_1_11' title='bbox 445 632 516 666; x_wconf 83' lang='lat' dir='ltr'>oct.)</span> 
     </span>
    </p>
   </div>
   <div class='ocr_carea' id='block_1_6' title="bbox 374 852 451 880">
    <p class='ocr_par' dir='ltr' id='par_1_6' title="bbox 374 852 451 880">
     <span class='ocr_line' id='line_1_7' title="bbox 374 852 451 880; baseline 0 0"><span class='ocrx_word' id='word_1_12' title='bbox 374 852 409 880; x_wconf 89' lang='lat' dir='ltr'>Ut</span> <span class='ocrx_word' id='word_1_13' title='bbox 426 861 451 880; x_wconf 88' lang='lat' dir='ltr'>s.</span> 
     </span>
    </p>
   </div>
   <div class='ocr_carea' id='block_1_7' title="bbox 373 1065 450 1093">
    <p class='ocr_par' dir='ltr' id='par_1_7' title="bbox 373 1065 450 1093">
     <span class='ocr_line' id='line_1_8' title="bbox 373 1065 450 1093; baseline -0.013 0"><span class='ocrx_word' id='word_1_14' title='bbox 373 1065 409 1093; x_wconf 90' lang='lat' dir='ltr'>Ut</span> <span class='ocrx_word' id='word_1_15' title='bbox 427 1074 450 1093; x_wconf 83' lang='lat' dir='ltr'>s.</span> 
     </span>
    </p>
   </div>
   <div class='ocr_carea' id='block_1_8' title="bbox 296 1278 526 1359">
    <p class='ocr_par' dir='ltr' id='par_1_8' title="bbox 296 1278 526 1359">
     <span class='ocr_line' id='line_1_9' title="bbox 296 1278 526 1314; baseline 0.009 -9"><span class='ocrx_word' id='word_1_16' title='bbox 296 1278 337 1306; x_wconf 71' lang='lat'>24</span> <span class='ocrx_word' id='word_1_17' title='bbox 350 1282 419 1314; x_wconf 85' lang='lat' dir='ltr'>sept.</span> <span class='ocrx_word' id='word_1_18' title='bbox 437 1279 526 1307; x_wconf 75' lang='lat'>1321.</span> 
     </span>
     <span class='ocr_line' id='line_1_10' title="bbox 296 1323 526 1359; baseline 0.004 -8"><span class='ocrx_word' id='word_1_19' title='bbox 296 1325 363 1359; x_wconf 83' lang='lat' dir='ltr'>(vm</span> <span class='ocrx_word' id='word_1_20' title='bbox 377 1323 437 1351; x_wconf 85' lang='lat' dir='ltr'>kal.</span> <span class='ocrx_word' id='word_1_21' title='bbox 456 1325 526 1356; x_wconf 76' lang='lat' dir='ltr'>oct.)</span> 
     </span>
    </p>
   </div>
   <div class='ocr_carea' id='block_1_9' title="bbox 294 1492 525 1573">
    <p class='ocr_par' dir='ltr' id='par_1_9' title="bbox 294 1492 525 1573">
     <span class='ocr_line' id='line_1_11' title="bbox 294 1492 525 1528; baseline -0.004 -7"><span class='ocrx_word' id='word_1_22' title='bbox 294 1492 334 1521; x_wconf 81' lang='lat'>28</span> <span class='ocrx_word' id='word_1_23' title='bbox 348 1496 419 1528; x_wconf 84' lang='lat' dir='ltr'><em>sept.</em></span> <span class='ocrx_word' id='word_1_24' title='bbox 437 1492 525 1520; x_wconf 80' lang='lat' dir='ltr'>t32t.</span> 
     </span>
     <span class='ocr_line' id='line_1_12' title="bbox 305 1537 518 1573; baseline 0.005 -9"><span class='ocrx_word' id='word_1_25' title='bbox 305 1537 346 1572; x_wconf 90' lang='lat' dir='ltr'>(1v</span> <span class='ocrx_word' id='word_1_26' title='bbox 366 1537 425 1565; x_wconf 78' lang='lat' dir='ltr'>kal.</span> <span class='ocrx_word' id='word_1_27' title='bbox 446 1537 518 1573; x_wconf 83' lang='lat' dir='ltr'>oct.)</span> 
     </span>
    </p>
   </div>
   <div class='ocr_carea' id='block_1_10' title="bbox 370 1705 450 1734">
    <p class='ocr_par' dir='ltr' id='par_1_10' title="bbox 370 1705 450 1734">
     <span class='ocr_line' id='line_1_13' title="bbox 370 1705 450 1734; baseline 0.013 -1"><span class='ocrx_word' id='word_1_28' title='bbox 370 1705 406 1733; x_wconf 92' lang='lat' dir='ltr'>Ut</span> <span class='ocrx_word' id='word_1_29' title='bbox 426 1713 450 1734; x_wconf 71' lang='lat' dir='ltr'>a.</span> 
     </span>
    </p>
   </div>
   <div class='ocr_carea' id='block_1_11' title="bbox 235 1918 579 1955">
    <p class='ocr_par' dir='ltr' id='par_1_11' title="bbox 235 1918 579 1955">
     <span class='ocr_line' id='line_1_14' title="bbox 235 1918 579 1955; baseline 0 -8"><span class='ocrx_word' id='word_1_30' title='bbox 235 1919 254 1947; x_wconf 87' lang='lat'><em>8</em></span> <span class='ocrx_word' id='word_1_31' title='bbox 269 1921 337 1955; x_wconf 83' lang='lat' dir='ltr'>(vm</span> <span class='ocrx_word' id='word_1_32' title='bbox 350 1918 405 1954; x_wconf 88' lang='lat' dir='ltr'>id.)</span> <span class='ocrx_word' id='word_1_33' title='bbox 419 1921 472 1947; x_wconf 81' lang='lat' dir='ltr'>oct.</span> <span class='ocrx_word' id='word_1_34' title='bbox 490 1918 579 1947; x_wconf 70' lang='lat'>1321.</span> 
     </span>
    </p>
   </div>
   <div class='ocr_carea' id='block_1_12' title="bbox 370 2185 450 2214">
    <p class='ocr_par' dir='ltr' id='par_1_12' title="bbox 370 2185 450 2214">
     <span class='ocr_line' id='line_1_15' title="bbox 370 2185 450 2214; baseline 0 0"><span class='ocrx_word' id='word_1_35' title='bbox 370 2185 406 2214; x_wconf 83' lang='lat' dir='ltr'>Ut</span> <span class='ocrx_word' id='word_1_36' title='bbox 426 2194 450 2214; x_wconf 86' lang='lat' dir='ltr'>s.</span> 
     </span>
    </p>
   </div>
   <div class='ocr_carea' id='block_1_13' title="bbox 370 2344 449 2372">
    <p class='ocr_par' dir='ltr' id='par_1_13' title="bbox 370 2344 449 2372">
     <span class='ocr_line' id='line_1_16' title="bbox 370 2344 449 2372; baseline 0 0"><span class='ocrx_word' id='word_1_37' title='bbox 370 2344 406 2372; x_wconf 92' lang='lat' dir='ltr'>Ut</span> <span class='ocrx_word' id='word_1_38' title='bbox 426 2352 449 2372; x_wconf 89' lang='lat' dir='ltr'>s.</span> 
     </span>
    </p>
   </div>
   <div class='ocr_carea' id='block_1_14' title="bbox 259 2450 553 2488">
    <p class='ocr_par' dir='ltr' id='par_1_14' title="bbox 259 2450 553 2488">
     <span class='ocr_line' id='line_1_17' title="bbox 259 2450 553 2488; baseline 0.01 -10"><span class='ocrx_word' id='word_1_39' title='bbox 259 2450 297 2479; x_wconf 73' lang='lat'>15</span> <span class='ocrx_word' id='word_1_40' title='bbox 310 2451 374 2488; x_wconf 85' lang='lat' dir='ltr'>(id.)</span> <span class='ocrx_word' id='word_1_41' title='bbox 390 2455 442 2480; x_wconf 80' lang='lat' dir='ltr'>oct.</span> <span class='ocrx_word' id='word_1_42' title='bbox 463 2451 553 2482; x_wconf 72' lang='lat'>132¹.</span> 
     </span>
    </p>
   </div>
   <div class='ocr_carea' id='block_1_15' title="bbox 369 2667 444 2696">
    <p class='ocr_par' dir='ltr' id='par_1_15' title="bbox 369 2667 444 2696">
     <span class='ocr_line' id='line_1_18' title="bbox 369 2667 444 2696; baseline 0 0"><span class='ocrx_word' id='word_1_43' title='bbox 369 2667 405 2696; x_wconf 80' lang='lat' dir='ltr'>L&#39;t</span> <span class='ocrx_word' id='word_1_44' title='bbox 420 2675 444 2696; x_wconf 78' lang='grc' dir='ltr'><strong>ε.</strong></span> 
     </span>
    </p>
   </div>
   <div class='ocr_carea' id='block_1_16' title="bbox 645 381 2254 434">
    <p class='ocr_par' dir='ltr' id='par_1_16' title="bbox 645 381 2254 434">
     <span class='ocr_line' id='line_1_19' title="bbox 645 381 2254 434; baseline 0.002 -9"><span class='ocrx_word' id='word_1_45' title='bbox 645 395 819 426; x_wconf 89' lang='lat' dir='ltr'>JOANNIS</span> <span class='ocrx_word' id='word_1_46' title='bbox 843 395 961 425; x_wconf 88' lang='lat' dir='ltr'>PAPAE</span> <span class='ocrx_word' id='word_1_47' title='bbox 984 395 1074 425; x_wconf 91' lang='lat' dir='ltr'>XXII</span> <span class='ocrx_word' id='word_1_48' title='bbox 1111 381 1359 434; x_wconf 72' lang='lat'>(1316-1334).</span> <span class='ocrx_word' id='word_1_49' title='bbox 1381 413 1419 418; x_wconf 92' lang='lat'>-—</span> <span class='ocrx_word' id='word_1_50' title='bbox 1441 395 1627 425; x_wconf 81' lang='lat' dir='ltr'><strong>LITTERAE</strong></span> <span class='ocrx_word' id='word_1_51' title='bbox 1651 396 1702 426; x_wconf 79' lang='lat' dir='ltr'>DE</span> <span class='ocrx_word' id='word_1_52' title='bbox 1725 396 1849 427; x_wconf 85' lang='lat' dir='ltr'>CURIA</span> <span class='ocrx_word' id='word_1_53' title='bbox 2197 400 2254 430; x_wconf 82' lang='lat'>157</span> 
     </span>
    </p>
   </div>
   <div class='ocr_carea' id='block_1_17' title="bbox 647 581 2252 2974">
    <p class='ocr_par' dir='ltr' id='par_1_17' title="bbox 654 581 2252 838">
     <span class='ocr_line' id='line_1_20' title="bbox 703 581 2252 625; baseline 0.004 -12"><span class='ocrx_word' id='word_1_54' title='bbox 703 581 836 613; x_wconf 76' lang='grc'><strong>16084.</strong></span> <span class='ocrx_word' id='word_1_55' title='bbox 855 602 894 607; x_wconf 90' lang='grc'><strong>-</strong></span> <span class='ocrx_word' id='word_1_56' title='bbox 905 584 990 624; x_wconf 72' lang='lat' dir='ltr'>May.</span> <span class='ocrx_word' id='word_1_57' title='bbox 1005 583 1168 615; x_wconf 81' lang='lat' dir='ltr'>Guittetmo</span> <span class='ocrx_word' id='word_1_58' title='bbox 1181 583 1216 614; x_wconf 83' lang='lat' dir='ltr'>de</span> <span class='ocrx_word' id='word_1_59' title='bbox 1230 583 1372 619; x_wconf 85' lang='lat' dir='ltr'>Balaeto,</span> <span class='ocrx_word' id='word_1_60' title='bbox 1387 584 1513 614; x_wconf 79' lang='lat' dir='ltr'>archid.</span> <span class='ocrx_word' id='word_1_61' title='bbox 1531 584 1752 624; x_wconf 89' lang='lat' dir='ltr'>Forojulien.,</span> <span class='ocrx_word' id='word_1_62' title='bbox 1762 586 1861 624; x_wconf 85' lang='lat' dir='ltr'>Papae</span> <span class='ocrx_word' id='word_1_63' title='bbox 1875 595 1959 625; x_wconf 62' lang='lat' dir='ltr'>cap„</span> <span class='ocrx_word' id='word_1_64' title='bbox 1977 587 2068 618; x_wconf 90' lang='lat' dir='ltr'>civit.</span> <span class='ocrx_word' id='word_1_65' title='bbox 2081 588 2252 619; x_wconf 88' lang='lat' dir='ltr'>Beneven-</span> 
     </span>
     <span class='ocr_line' id='line_1_21' title="bbox 656 637 2249 675; baseline 0.002 -6"><span class='ocrx_word' id='word_1_66' title='bbox 656 639 742 669; x_wconf 87' lang='lat' dir='ltr'>tanae</span> <span class='ocrx_word' id='word_1_67' title='bbox 759 638 893 675; x_wconf 82' lang='lat' dir='ltr'><strong>rectori,</strong></span> <span class='ocrx_word' id='word_1_68' title='bbox 914 637 1026 668; x_wconf 89' lang='lat' dir='ltr'>mand.</span> <span class='ocrx_word' id='word_1_69' title='bbox 1047 638 1084 668; x_wconf 91' lang='lat' dir='ltr'>ut</span> <span class='ocrx_word' id='word_1_70' title='bbox 1101 637 1310 668; x_wconf 79' lang='lat' dir='ltr'><strong>abbatissam</strong></span> <span class='ocrx_word' id='word_1_71' title='bbox 1324 638 1357 668; x_wconf 92' lang='lat' dir='ltr'>et</span> <span class='ocrx_word' id='word_1_72' title='bbox 1381 638 1547 668; x_wconf 79' lang='lat' dir='ltr'>moniales</span> <span class='ocrx_word' id='word_1_73' title='bbox 1566 639 1710 669; x_wconf 86' lang='lat' dir='ltr'>monast.</span> <span class='ocrx_word' id='word_1_74' title='bbox 1729 638 1762 669; x_wconf 88' lang='lat' dir='ltr'>S.</span> <span class='ocrx_word' id='word_1_75' title='bbox 1784 639 1829 670; x_wconf 87' lang='lat' dir='ltr'>M.</span> <span class='ocrx_word' id='word_1_76' title='bbox 1847 639 1887 669; x_wconf 90' lang='lat' dir='ltr'>de</span> <span class='ocrx_word' id='word_1_77' title='bbox 1911 639 2012 670; x_wconf 87' lang='lat' dir='ltr'>Porta</span> <span class='ocrx_word' id='word_1_78' title='bbox 2036 641 2175 672; x_wconf 90' lang='lat' dir='ltr'>Summa</span> <span class='ocrx_word' id='word_1_79' title='bbox 2191 642 2249 672; x_wconf 88' lang='lat' dir='ltr'>Be·</span> 
     </span>
     <span class='ocr_line' id='line_1_22' title="bbox 656 690 2251 731; baseline 0.002 -10"><span class='ocrx_word' id='word_1_80' title='bbox 656 691 847 727; x_wconf 87' lang='lat' dir='ltr'>neventan.‚</span> <span class='ocrx_word' id='word_1_81' title='bbox 865 691 905 723; x_wconf 94' lang='grc' dir='ltr'><strong>Ο.</strong></span> <span class='ocrx_word' id='word_1_82' title='bbox 922 691 956 723; x_wconf 88' lang='lat' dir='ltr'>S.</span> <span class='ocrx_word' id='word_1_83' title='bbox 975 691 1026 728; x_wconf 89' lang='lat' dir='ltr'>B.‚</span> <span class='ocrx_word' id='word_1_84' title='bbox 1044 691 1077 721; x_wconf 92' lang='lat' dir='ltr'>in</span> <span class='ocrx_word' id='word_1_85' title='bbox 1096 699 1163 730; x_wconf 91' lang='lat' dir='ltr'>quo</span> <span class='ocrx_word' id='word_1_86' title='bbox 1181 699 1241 730; x_wconf 86' lang='lat' dir='ltr'>pro</span> <span class='ocrx_word' id='word_1_87' title='bbox 1259 690 1467 722; x_wconf 79' lang='lat' dir='ltr'><strong>habitatione</strong></span> <span class='ocrx_word' id='word_1_88' title='bbox 1496 691 1636 722; x_wconf 87' lang='lat' dir='ltr'>rectoris</span> <span class='ocrx_word' id='word_1_89' title='bbox 1662 692 1889 722; x_wconf 90' lang='lat' dir='ltr'>Beneventan.</span> <span class='ocrx_word' id='word_1_90' title='bbox 1905 693 2084 731; x_wconf 61' lang='lat' dir='ltr'>Jquoddam</span> <span class='ocrx_word' id='word_1_91' title='bbox 2102 694 2251 724; x_wconf 82' lang='lat' dir='ltr'><strong>castrum</strong></span> 
     </span>
     <span class='ocr_line' id='line_1_23' title="bbox 655 743 2251 785; baseline 0.001 -10"><span class='ocrx_word' id='word_1_92' title='bbox 655 745 748 784; x_wconf 90' lang='lat' dir='ltr'>Papa</span> <span class='ocrx_word' id='word_1_93' title='bbox 763 744 923 775; x_wconf 79' lang='lat' dir='ltr'>aedificari</span> <span class='ocrx_word' id='word_1_94' title='bbox 941 745 1089 781; x_wconf 87' lang='lat' dir='ltr'>mandat,</span> <span class='ocrx_word' id='word_1_95' title='bbox 1118 744 1160 775; x_wconf 89' lang='lat' dir='ltr'>ad</span> <span class='ocrx_word' id='word_1_96' title='bbox 1189 745 1334 775; x_wconf 90' lang='lat' dir='ltr'>monast.</span> <span class='ocrx_word' id='word_1_97' title='bbox 1355 743 1557 775; x_wconf 83' lang='lat' dir='ltr'>monialium</span> <span class='ocrx_word' id='word_1_98' title='bbox 1584 753 1611 774; x_wconf 86' lang='lat' dir='ltr'>s.</span> <span class='ocrx_word' id='word_1_99' title='bbox 1640 744 1733 775; x_wconf 87' lang='lat' dir='ltr'>Petri</span> <span class='ocrx_word' id='word_1_100' title='bbox 1759 745 1999 782; x_wconf 89' lang='lat' dir='ltr'>Beneventan.‚</span> <span class='ocrx_word' id='word_1_101' title='bbox 2028 745 2134 785; x_wconf 84' lang='lat' dir='ltr'>ejusd.</span> <span class='ocrx_word' id='word_1_102' title='bbox 2165 747 2251 783; x_wconf 64' lang='lat' dir='ltr'>ord„</span> 
     </span>
     <span class='ocr_line' id='line_1_24' title="bbox 654 797 1555 838; baseline -0.002 -9"><span class='ocrx_word' id='word_1_103' title='bbox 654 798 848 829; x_wconf 84' lang='lat' dir='ltr'>transferat.</span> <span class='ocrx_word' id='word_1_104' title='bbox 867 798 920 838; x_wconf 84' lang='lat' dir='ltr'>(A.</span> <span class='ocrx_word' id='word_1_105' title='bbox 939 799 988 832; x_wconf 98' lang='grc'>17,</span> <span class='ocrx_word' id='word_1_106' title='bbox 1007 797 1030 828; x_wconf 91' lang='lat' dir='ltr'>f.</span> <span class='ocrx_word' id='word_1_107' title='bbox 1047 799 1106 829; x_wconf 87' lang='grc'>376</span> <span class='ocrx_word' id='word_1_108' title='bbox 1121 803 1149 835; x_wconf 76' lang='lat'>³3</span> <span class='ocrx_word' id='word_1_109' title='bbox 1171 797 1207 828; x_wconf 92' lang='lat' dir='ltr'>V.</span> <span class='ocrx_word' id='word_1_110' title='bbox 1223 799 1273 834; x_wconf 91' lang='lat'>73,</span> <span class='ocrx_word' id='word_1_111' title='bbox 1291 805 1343 837; x_wconf 87' lang='lat' dir='ltr'>ep.</span> <span class='ocrx_word' id='word_1_112' title='bbox 1366 800 1412 834; x_wconf 79' lang='grc'>14,</span> <span class='ocrx_word' id='word_1_113' title='bbox 1430 797 1466 828; x_wconf 85' lang='lat' dir='ltr'>cte</span> <span class='ocrx_word' id='word_1_114' title='bbox 1477 799 1555 835; x_wconf 86' lang='lat' dir='ltr'>cur.)</span> 
     </span>
    </p>

    <p class='ocr_par' dir='ltr' id='par_1_18' title="bbox 653 848 2252 1051">
     <span class='ocr_line' id='line_1_25' title="bbox 701 848 2252 891; baseline 0.002 -11"><span class='ocrx_word' id='word_1_115' title='bbox 701 848 836 881; x_wconf 79' lang='grc'><strong>16085.</strong></span> <span class='ocrx_word' id='word_1_116' title='bbox 856 869 894 874; x_wconf 92' lang='grc'>-</span> <span class='ocrx_word' id='word_1_117' title='bbox 909 850 1000 888; x_wconf 63' lang='lat' dir='ltr'>Eid„</span> <span class='ocrx_word' id='word_1_118' title='bbox 1023 851 1217 890; x_wconf 69' lang='lat' dir='ltr'>Campaniae</span> <span class='ocrx_word' id='word_1_119' title='bbox 1237 850 1483 890; x_wconf 85' lang='lat' dir='ltr'>Maritimaeque</span> <span class='ocrx_word' id='word_1_120' title='bbox 1500 850 1635 888; x_wconf 86' lang='lat' dir='ltr'>rectori,</span> <span class='ocrx_word' id='word_1_121' title='bbox 1663 859 1755 882; x_wconf 89' lang='lat' dir='ltr'>conc.</span> <span class='ocrx_word' id='word_1_122' title='bbox 1784 852 1832 888; x_wconf 90' lang='lat' dir='ltr'>ut,</span> <span class='ocrx_word' id='word_1_123' title='bbox 1855 860 1915 891; x_wconf 90' lang='lat' dir='ltr'>pro</span> <span class='ocrx_word' id='word_1_124' title='bbox 1936 852 2193 883; x_wconf 85' lang='lat' dir='ltr'>executionibus</span> <span class='ocrx_word' id='word_1_125' title='bbox 2218 853 2252 884; x_wconf 91' lang='lat' dir='ltr'>in</span> 
     </span>
     <span class='ocr_line' id='line_1_26' title="bbox 654 903 2251 946; baseline 0.001 -10"><span class='ocrx_word' id='word_1_126' title='bbox 654 905 800 936; x_wconf 78' lang='lat' dir='ltr'>decretis</span> <span class='ocrx_word' id='word_1_127' title='bbox 817 904 883 935; x_wconf 88' lang='lat' dir='ltr'>sibi</span> <span class='ocrx_word' id='word_1_128' title='bbox 898 904 1084 944; x_wconf 85' lang='lat' dir='ltr'>provinciis</span> <span class='ocrx_word' id='word_1_129' title='bbox 1109 903 1285 941; x_wconf 83' lang='lat' dir='ltr'>faciendis,</span> <span class='ocrx_word' id='word_1_130' title='bbox 1311 913 1380 934; x_wconf 85' lang='lat' dir='ltr'>xxv</span> <span class='ocrx_word' id='word_1_131' title='bbox 1402 904 1532 943; x_wconf 82' lang='lat' dir='ltr'>equites</span> <span class='ocrx_word' id='word_1_132' title='bbox 1556 905 1717 941; x_wconf 80' lang='lat' dir='ltr'>armatos,</span> <span class='ocrx_word' id='word_1_133' title='bbox 1734 905 1775 935; x_wconf 89' lang='lat' dir='ltr'>de</span> <span class='ocrx_word' id='word_1_134' title='bbox 1799 904 1941 936; x_wconf 89' lang='lat' dir='ltr'>consilio</span> <span class='ocrx_word' id='word_1_135' title='bbox 1965 905 2080 936; x_wconf 90' lang='lat' dir='ltr'>Pontii</span> <span class='ocrx_word' id='word_1_136' title='bbox 2098 906 2251 946; x_wconf 83' lang='lat' dir='ltr'>Augerii,</span> 
     </span>
     <span class='ocr_line' id='line_1_27' title="bbox 653 957 2252 998; baseline 0.001 -9"><span class='ocrx_word' id='word_1_137' title='bbox 653 958 804 990; x_wconf 89' lang='lat' dir='ltr'>earumd.</span> <span class='ocrx_word' id='word_1_138' title='bbox 822 958 1074 997; x_wconf 88' lang='lat' dir='ltr'>provinciarum</span> <span class='ocrx_word' id='word_1_139' title='bbox 1091 957 1254 995; x_wconf 86' lang='lat' dir='ltr'>thesaur.,</span> <span class='ocrx_word' id='word_1_140' title='bbox 1281 957 1323 988; x_wconf 91' lang='lat' dir='ltr'>ad</span> <span class='ocrx_word' id='word_1_141' title='bbox 1342 965 1510 997; x_wconf 82' lang='lat' dir='ltr'>expensas</span> <span class='ocrx_word' id='word_1_142' title='bbox 1526 957 1567 989; x_wconf 88' lang='lat' dir='ltr'>R.</span> <span class='ocrx_word' id='word_1_143' title='bbox 1590 957 1627 988; x_wconf 85' lang='lat' dir='ltr'>E.</span> <span class='ocrx_word' id='word_1_144' title='bbox 1645 957 1790 989; x_wconf 89' lang='lat' dir='ltr'>retinere</span> <span class='ocrx_word' id='word_1_145' title='bbox 1809 958 1931 989; x_wconf 87' lang='lat' dir='ltr'>valeat.</span> <span class='ocrx_word' id='word_1_146' title='bbox 1959 958 2011 998; x_wconf 90' lang='grc' dir='ltr'><strong>(Α.</strong></span> <span class='ocrx_word' id='word_1_147' title='bbox 2037 960 2085 996; x_wconf 84' lang='grc'>17,</span> <span class='ocrx_word' id='word_1_148' title='bbox 2106 958 2128 989; x_wconf 87' lang='lat' dir='ltr'>f.</span> <span class='ocrx_word' id='word_1_149' title='bbox 2146 961 2206 991; x_wconf 86' lang='grc'>376</span> <span class='ocrx_word' id='word_1_150' title='bbox 2220 960 2252 998; x_wconf 80' lang='lat' dir='ltr'>b;</span> 
     </span>
     <span class='ocr_line' id='line_1_28' title="bbox 660 1010 1051 1051; baseline -0.008 -8"><span class='ocrx_word' id='word_1_151' title='bbox 660 1011 695 1043; x_wconf 90' lang='lat' dir='ltr'>V.</span> <span class='ocrx_word' id='word_1_152' title='bbox 715 1013 765 1048; x_wconf 87' lang='grc'>73,</span> <span class='ocrx_word' id='word_1_153' title='bbox 779 1020 832 1050; x_wconf 86' lang='lat' dir='ltr'>ep.</span> <span class='ocrx_word' id='word_1_154' title='bbox 853 1012 901 1049; x_wconf 82' lang='lat'>15,</span> <span class='ocrx_word' id='word_1_155' title='bbox 920 1010 956 1042; x_wconf 81' lang='lat' dir='ltr'>de</span> <span class='ocrx_word' id='word_1_156' title='bbox 970 1010 1051 1051; x_wconf 82' lang='lat' dir='ltr'>cur.)</span> 
     </span>
    </p>

    <p class='ocr_par' dir='ltr' id='par_1_19' title="bbox 651 1062 2252 1265">
     <span class='ocr_line' id='line_1_29' title="bbox 701 1062 2252 1105; baseline 0.003 -11"><span class='ocrx_word' id='word_1_157' title='bbox 701 1062 836 1094; x_wconf 91' lang='grc'><strong>16086.</strong></span> <span class='ocrx_word' id='word_1_158' title='bbox 858 1083 895 1088; x_wconf 89' lang='grc'><strong>-</strong></span> <span class='ocrx_word' id='word_1_159' title='bbox 910 1063 1072 1096; x_wconf 75' lang='lat' dir='ltr'>inhibitio</span> <span class='ocrx_word' id='word_1_160' title='bbox 1089 1073 1129 1095; x_wconf 91' lang='lat' dir='ltr'>ne</span> <span class='ocrx_word' id='word_1_161' title='bbox 1145 1064 1223 1104; x_wconf 91' lang='lat' dir='ltr'>quis</span> <span class='ocrx_word' id='word_1_162' title='bbox 1241 1063 1282 1094; x_wconf 89' lang='lat' dir='ltr'>de</span> <span class='ocrx_word' id='word_1_163' title='bbox 1299 1063 1485 1103; x_wconf 85' lang='lat' dir='ltr'>Campania</span> <span class='ocrx_word' id='word_1_164' title='bbox 1500 1065 1532 1095; x_wconf 87' lang='lat' dir='ltr'>et</span> <span class='ocrx_word' id='word_1_165' title='bbox 1546 1064 1718 1095; x_wconf 86' lang='lat' dir='ltr'>Maritima</span> <span class='ocrx_word' id='word_1_166' title='bbox 1735 1065 1852 1095; x_wconf 88' lang='lat' dir='ltr'>contra</span> <span class='ocrx_word' id='word_1_167' title='bbox 1869 1064 1974 1096; x_wconf 87' lang='lat' dir='ltr'>alium</span> <span class='ocrx_word' id='word_1_168' title='bbox 1990 1064 2057 1096; x_wconf 91' lang='lat' dir='ltr'>sibi</span> <span class='ocrx_word' id='word_1_169' title='bbox 2070 1066 2127 1105; x_wconf 58' lang='lat' dir='ltr'>,ius</span> <span class='ocrx_word' id='word_1_170' title='bbox 2140 1066 2252 1098; x_wconf 87' lang='lat' dir='ltr'>dicere</span> 
     </span>
     <span class='ocr_line' id='line_1_30' title="bbox 651 1116 2249 1158; baseline 0.001 -9"><span class='ocrx_word' id='word_1_171' title='bbox 651 1119 712 1150; x_wconf 86' lang='lat' dir='ltr'>aut</span> <span class='ocrx_word' id='word_1_172' title='bbox 730 1127 888 1158; x_wconf 85' lang='lat' dir='ltr'>guerram</span> <span class='ocrx_word' id='word_1_173' title='bbox 905 1126 1042 1149; x_wconf 90' lang='lat' dir='ltr'>movere</span> <span class='ocrx_word' id='word_1_174' title='bbox 1065 1117 1186 1149; x_wconf 87' lang='lat' dir='ltr'>audeat</span> <span class='ocrx_word' id='word_1_175' title='bbox 1203 1116 1272 1148; x_wconf 87' lang='lat' dir='ltr'>nisi</span> <span class='ocrx_word' id='word_1_176' title='bbox 1287 1117 1328 1148; x_wconf 92' lang='lat' dir='ltr'>de</span> <span class='ocrx_word' id='word_1_177' title='bbox 1352 1117 1491 1148; x_wconf 87' lang='lat' dir='ltr'>licentia</span> <span class='ocrx_word' id='word_1_178' title='bbox 1514 1117 1667 1155; x_wconf 86' lang='lat' dir='ltr'>rectoris,</span> <span class='ocrx_word' id='word_1_179' title='bbox 1686 1117 1740 1148; x_wconf 92' lang='lat' dir='ltr'>cui</span> <span class='ocrx_word' id='word_1_180' title='bbox 1759 1117 1919 1149; x_wconf 89' lang='lat' dir='ltr'>scribitur</span> <span class='ocrx_word' id='word_1_181' title='bbox 1944 1119 1982 1149; x_wconf 88' lang='lat' dir='ltr'>ut</span> <span class='ocrx_word' id='word_1_182' title='bbox 2011 1118 2249 1151; x_wconf 87' lang='lat' dir='ltr'>inhibitionem</span> 
     </span>
     <span class='ocr_line' id='line_1_31' title="bbox 654 1170 2247 1212; baseline 0.001 -10"><span class='ocrx_word' id='word_1_183' title='bbox 654 1171 848 1212; x_wconf 89' lang='lat' dir='ltr'>hujusmodi</span> <span class='ocrx_word' id='word_1_184' title='bbox 866 1171 1064 1202; x_wconf 88' lang='lat' dir='ltr'>solemniter</span> <span class='ocrx_word' id='word_1_185' title='bbox 1080 1170 1242 1210; x_wconf 86' lang='lat' dir='ltr'>publicet.</span> <span class='ocrx_word' id='word_1_186' title='bbox 1268 1170 1319 1211; x_wconf 87' lang='lat' dir='ltr'>(A.</span> <span class='ocrx_word' id='word_1_187' title='bbox 1350 1172 1398 1206; x_wconf 88' lang='grc'>17,</span> <span class='ocrx_word' id='word_1_188' title='bbox 1417 1170 1439 1202; x_wconf 88' lang='lat' dir='ltr'>f.</span> <span class='ocrx_word' id='word_1_189' title='bbox 1456 1170 1553 1206; x_wconf 73' lang='lat'>4011‘,</span> <span class='ocrx_word' id='word_1_190' title='bbox 1578 1171 1640 1202; x_wconf 73' lang='lat'>⁴02</span> <span class='ocrx_word' id='word_1_191' title='bbox 1655 1170 1680 1208; x_wconf 76' lang='lat' dir='ltr'>b,</span> <span class='ocrx_word' id='word_1_192' title='bbox 1696 1172 1756 1202; x_wconf 79' lang='grc'><strong>402</strong></span> <span class='ocrx_word' id='word_1_193' title='bbox 1771 1176 1784 1192; x_wconf 77' lang='lat'>³</span> <span class='ocrx_word' id='word_1_194' title='bbox 1794 1181 1804 1207; x_wconf 77' lang='lat'>3</span> <span class='ocrx_word' id='word_1_195' title='bbox 1834 1171 1870 1202; x_wconf 90' lang='lat' dir='ltr'>V.</span> <span class='ocrx_word' id='word_1_196' title='bbox 1889 1173 1938 1207; x_wconf 90' lang='grc'>73,</span> <span class='ocrx_word' id='word_1_197' title='bbox 1958 1180 2011 1212; x_wconf 87' lang='lat' dir='ltr'>ep.</span> <span class='ocrx_word' id='word_1_198' title='bbox 2043 1174 2091 1209; x_wconf 91' lang='grc'>17,</span> <span class='ocrx_word' id='word_1_199' title='bbox 2108 1171 2144 1203; x_wconf 87' lang='lat' dir='ltr'>de</span> <span class='ocrx_word' id='word_1_200' title='bbox 2159 1182 2222 1203; x_wconf 85' lang='lat' dir='ltr'>cur.</span> <span class='ocrx_word' id='word_1_201' title='bbox 2237 1183 2247 1209; x_wconf 85' lang='lat'>;</span> 
     </span>
     <span class='ocr_line' id='line_1_32' title="bbox 653 1224 1736 1265; baseline -0.001 -9"><span class='ocrx_word' id='word_1_202' title='bbox 653 1225 811 1262; x_wconf 86' lang='lat' dir='ltr'>Theiner,</span> <span class='ocrx_word' id='word_1_203' title='bbox 829 1224 934 1256; x_wconf 71' lang='lat' dir='ltr'>Codex</span> <span class='ocrx_word' id='word_1_204' title='bbox 946 1224 1173 1265; x_wconf 76' lang='lat' dir='ltr'>diplomaticus,</span> <span class='ocrx_word' id='word_1_205' title='bbox 1189 1225 1215 1255; x_wconf 82' lang='lat' dir='ltr'>t.</span> <span class='ocrx_word' id='word_1_206' title='bbox 1236 1224 1262 1261; x_wconf 90' lang='grc' dir='ltr'>Ι,</span> <span class='ocrx_word' id='word_1_207' title='bbox 1279 1231 1311 1263; x_wconf 76' lang='grc' dir='ltr'><strong>Ρ.</strong></span> <span class='ocrx_word' id='word_1_208' title='bbox 1327 1225 1398 1261; x_wconf 84' lang='grc'><strong>507,</strong></span> <span class='ocrx_word' id='word_1_209' title='bbox 1416 1224 1488 1255; x_wconf 88' lang='lat' dir='ltr'>doc.</span> <span class='ocrx_word' id='word_1_210' title='bbox 1508 1224 1736 1262; x_wconf 88' lang='lat' dir='ltr'>DCLXXIV.)</span> 
     </span>
    </p>

    <p class='ocr_par' dir='ltr' id='par_1_20' title="bbox 649 1275 2252 1479">
     <span class='ocr_line' id='line_1_33' title="bbox 700 1275 2252 1317; baseline 0.002 -9"><span class='ocrx_word' id='word_1_211' title='bbox 700 1275 835 1308; x_wconf 87' lang='grc'><strong>16087.</strong></span> <span class='ocrx_word' id='word_1_212' title='bbox 855 1295 894 1300; x_wconf 91' lang='lat'>—-</span> <span class='ocrx_word' id='word_1_213' title='bbox 909 1277 1108 1309; x_wconf 90' lang='lat' dir='ltr'>Indicuntur</span> <span class='ocrx_word' id='word_1_214' title='bbox 1124 1279 1250 1317; x_wconf 76' lang='lat' dir='ltr'>treugae</span> <span class='ocrx_word' id='word_1_215' title='bbox 1264 1285 1372 1317; x_wconf 88' lang='lat' dir='ltr'>usque</span> <span class='ocrx_word' id='word_1_216' title='bbox 1389 1277 1430 1308; x_wconf 89' lang='lat' dir='ltr'>ad</span> <span class='ocrx_word' id='word_1_217' title='bbox 1449 1285 1554 1308; x_wconf 89' lang='lat' dir='ltr'>unum</span> <span class='ocrx_word' id='word_1_218' title='bbox 1570 1286 1696 1308; x_wconf 86' lang='lat' dir='ltr'>annum</span> <span class='ocrx_word' id='word_1_219' title='bbox 1711 1277 1799 1309; x_wconf 86' lang='lat' dir='ltr'>inter</span> <span class='ocrx_word' id='word_1_220' title='bbox 1815 1286 1847 1308; x_wconf 92' lang='lat' dir='ltr'>n.</span> <span class='ocrx_word' id='word_1_221' title='bbox 1862 1286 1893 1308; x_wconf 91' lang='lat' dir='ltr'>v.</span> <span class='ocrx_word' id='word_1_222' title='bbox 1913 1278 2122 1310; x_wconf 88' lang='lat' dir='ltr'>Ludovicum</span> <span class='ocrx_word' id='word_1_223' title='bbox 2137 1280 2178 1311; x_wconf 90' lang='lat' dir='ltr'>de</span> <span class='ocrx_word' id='word_1_224' title='bbox 2194 1280 2252 1311; x_wconf 87' lang='lat' dir='ltr'>Sa-</span> 
     </span>
     <span class='ocr_line' id='line_1_34' title="bbox 652 1330 2248 1372; baseline 0.001 -10"><span class='ocrx_word' id='word_1_225' title='bbox 652 1330 788 1367; x_wconf 86' lang='lat' dir='ltr'>baudia,</span> <span class='ocrx_word' id='word_1_226' title='bbox 806 1340 849 1363; x_wconf 89' lang='lat' dir='ltr'>ex</span> <span class='ocrx_word' id='word_1_227' title='bbox 866 1333 961 1372; x_wconf 91' lang='lat' dir='ltr'>parte</span> <span class='ocrx_word' id='word_1_228' title='bbox 976 1340 1055 1371; x_wconf 89' lang='lat' dir='ltr'>una,</span> <span class='ocrx_word' id='word_1_229' title='bbox 1073 1332 1106 1362; x_wconf 86' lang='lat' dir='ltr'>et</span> <span class='ocrx_word' id='word_1_230' title='bbox 1129 1331 1270 1362; x_wconf 86' lang='lat' dir='ltr'>comites</span> <span class='ocrx_word' id='word_1_231' title='bbox 1286 1331 1326 1362; x_wconf 91' lang='lat' dir='ltr'>de</span> <span class='ocrx_word' id='word_1_232' title='bbox 1342 1339 1370 1362; x_wconf 90' lang='lat' dir='ltr'>s.</span> <span class='ocrx_word' id='word_1_233' title='bbox 1390 1330 1536 1362; x_wconf 90' lang='lat' dir='ltr'>Martino</span> <span class='ocrx_word' id='word_1_234' title='bbox 1554 1339 1592 1361; x_wconf 87' lang='lat' dir='ltr'>ac</span> <span class='ocrx_word' id='word_1_235' title='bbox 1614 1330 1654 1361; x_wconf 86' lang='lat' dir='ltr'>de</span> <span class='ocrx_word' id='word_1_236' title='bbox 1671 1331 1919 1369; x_wconf 85' lang='lat' dir='ltr'>Castromonte‚</span> <span class='ocrx_word' id='word_1_237' title='bbox 1934 1339 1977 1362; x_wconf 82' lang='lat' dir='ltr'>ex</span> <span class='ocrx_word' id='word_1_238' title='bbox 1996 1332 2112 1363; x_wconf 86' lang='lat' dir='ltr'>altera.</span> <span class='ocrx_word' id='word_1_239' title='bbox 2130 1333 2248 1372; x_wconf 88' lang='lat' dir='ltr'>Sequi-</span> 
     </span>
     <span class='ocr_line' id='line_1_35' title="bbox 652 1383 2252 1424; baseline 0.001 -8"><span class='ocrx_word' id='word_1_240' title='bbox 652 1386 708 1416; x_wconf 90' lang='lat' dir='ltr'>tur</span> <span class='ocrx_word' id='word_1_241' title='bbox 724 1385 837 1416; x_wconf 88' lang='lat' dir='ltr'>mand.</span> <span class='ocrx_word' id='word_1_242' title='bbox 851 1385 1039 1416; x_wconf 87' lang='lat' dir='ltr'>Bertrando</span> <span class='ocrx_word' id='word_1_243' title='bbox 1057 1393 1085 1416; x_wconf 81' lang='lat' dir='ltr'>S.</span> <span class='ocrx_word' id='word_1_244' title='bbox 1101 1384 1255 1416; x_wconf 87' lang='lat' dir='ltr'>Marcelli</span> <span class='ocrx_word' id='word_1_245' title='bbox 1271 1383 1385 1424; x_wconf 87' lang='lat' dir='ltr'>presb.</span> <span class='ocrx_word' id='word_1_246' title='bbox 1403 1384 1506 1421; x_wconf 89' lang='lat' dir='ltr'>card.,</span> <span class='ocrx_word' id='word_1_247' title='bbox 1526 1385 1566 1415; x_wconf 88' lang='lat' dir='ltr'>A.</span> <span class='ocrx_word' id='word_1_248' title='bbox 1585 1384 1619 1415; x_wconf 84' lang='lat' dir='ltr'>S.</span> <span class='ocrx_word' id='word_1_249' title='bbox 1639 1383 1761 1424; x_wconf 83' lang='lat' dir='ltr'>legato,</span> <span class='ocrx_word' id='word_1_250' title='bbox 1777 1385 1814 1415; x_wconf 90' lang='lat' dir='ltr'>ut</span> <span class='ocrx_word' id='word_1_251' title='bbox 1828 1384 2002 1416; x_wconf 91' lang='lat' dir='ltr'>nobilibus</span> <span class='ocrx_word' id='word_1_252' title='bbox 2018 1385 2168 1424; x_wconf 78' lang='lat' dir='ltr'>praefatis</span> <span class='ocrx_word' id='word_1_253' title='bbox 2187 1386 2252 1418; x_wconf 91' lang='lat' dir='ltr'>hu-</span> 
     </span>
     <span class='ocr_line' id='line_1_36' title="bbox 649 1436 1850 1479; baseline -0.002 -9"><span class='ocrx_word' id='word_1_254' title='bbox 649 1438 800 1479; x_wconf 90' lang='lat' dir='ltr'>jusmodi</span> <span class='ocrx_word' id='word_1_255' title='bbox 817 1440 953 1478; x_wconf 87' lang='lat' dir='ltr'>treugas</span> <span class='ocrx_word' id='word_1_256' title='bbox 964 1438 1132 1469; x_wconf 76' lang='lat' dir='ltr'>notificet.</span> <span class='ocrx_word' id='word_1_257' title='bbox 1153 1437 1205 1477; x_wconf 87' lang='lat' dir='ltr'>(A.</span> <span class='ocrx_word' id='word_1_258' title='bbox 1223 1439 1271 1475; x_wconf 84' lang='lat'>17,</span> <span class='ocrx_word' id='word_1_259' title='bbox 1292 1437 1315 1468; x_wconf 85' lang='lat' dir='ltr'>f.</span> <span class='ocrx_word' id='word_1_260' title='bbox 1332 1438 1388 1469; x_wconf 73' lang='lat'>401</span> <span class='ocrx_word' id='word_1_261' title='bbox 1408 1442 1436 1473; x_wconf 62' lang='grc' dir='ltr'><strong>ὃ,</strong></span> <span class='ocrx_word' id='word_1_262' title='bbox 1464 1436 1497 1466; x_wconf 89' lang='lat' dir='ltr'>V.</span> <span class='ocrx_word' id='word_1_263' title='bbox 1515 1439 1564 1474; x_wconf 88' lang='lat'>73,</span> <span class='ocrx_word' id='word_1_264' title='bbox 1582 1445 1635 1477; x_wconf 91' lang='lat' dir='ltr'>ep.</span> <span class='ocrx_word' id='word_1_265' title='bbox 1655 1438 1703 1474; x_wconf 89' lang='grc'>11,</span> <span class='ocrx_word' id='word_1_266' title='bbox 1720 1436 1756 1467; x_wconf 83' lang='lat' dir='ltr'>de</span> <span class='ocrx_word' id='word_1_267' title='bbox 1770 1437 1850 1477; x_wconf 82' lang='lat' dir='ltr'>cur.)</span> 
     </span>
    </p>

    <p class='ocr_par' dir='ltr' id='par_1_21' title="bbox 649 1489 2251 1692">
     <span class='ocr_line' id='line_1_37' title="bbox 698 1489 2247 1532; baseline 0.002 -11"><span class='ocrx_word' id='word_1_268' title='bbox 698 1489 834 1521; x_wconf 89' lang='grc'><strong>16088.</strong></span> <span class='ocrx_word' id='word_1_269' title='bbox 852 1510 888 1515; x_wconf 79' lang='lat'>—</span> <span class='ocrx_word' id='word_1_270' title='bbox 908 1491 1066 1526; x_wconf 82' lang='lat' dir='ltr'>Gasberto,</span> <span class='ocrx_word' id='word_1_271' title='bbox 1084 1500 1154 1532; x_wconf 86' lang='lat' dir='ltr'>ep.o</span> <span class='ocrx_word' id='word_1_272' title='bbox 1177 1490 1356 1528; x_wconf 55' lang='lat' dir='ltr'>Massiliam„</span> <span class='ocrx_word' id='word_1_273' title='bbox 1377 1490 1544 1521; x_wconf 78' lang='lat' dir='ltr'>camerario</span> <span class='ocrx_word' id='word_1_274' title='bbox 1560 1490 1664 1530; x_wconf 61' lang='lat' dir='ltr'>Papae,</span> <span class='ocrx_word' id='word_1_275' title='bbox 1682 1499 1774 1522; x_wconf 92' lang='lat' dir='ltr'>conc.</span> <span class='ocrx_word' id='word_1_276' title='bbox 1797 1491 1896 1522; x_wconf 88' lang='lat' dir='ltr'>facul.</span> <span class='ocrx_word' id='word_1_277' title='bbox 1914 1490 2112 1523; x_wconf 87' lang='lat' dir='ltr'>absolvendi</span> <span class='ocrx_word' id='word_1_278' title='bbox 2127 1493 2247 1524; x_wconf 87' lang='lat' dir='ltr'>Aimo-</span> 
     </span>
     <span class='ocr_line' id='line_1_38' title="bbox 651 1543 2250 1585; baseline 0.001 -9"><span class='ocrx_word' id='word_1_279' title='bbox 651 1553 728 1576; x_wconf 85' lang='lat' dir='ltr'>nem</span> <span class='ocrx_word' id='word_1_280' title='bbox 746 1554 859 1585; x_wconf 89' lang='lat' dir='ltr'>ep.um</span> <span class='ocrx_word' id='word_1_281' title='bbox 876 1545 1045 1576; x_wconf 87' lang='lat' dir='ltr'>Sedunen.</span> <span class='ocrx_word' id='word_1_282' title='bbox 1060 1544 1101 1575; x_wconf 88' lang='lat' dir='ltr'>ab</span> <span class='ocrx_word' id='word_1_283' title='bbox 1119 1553 1249 1575; x_wconf 83' lang='lat' dir='ltr'>excom.</span> <span class='ocrx_word' id='word_1_284' title='bbox 1262 1544 1400 1575; x_wconf 90' lang='lat' dir='ltr'>incursa</span> <span class='ocrx_word' id='word_1_285' title='bbox 1418 1552 1461 1574; x_wconf 86' lang='lat' dir='ltr'>ex</span> <span class='ocrx_word' id='word_1_286' title='bbox 1476 1552 1515 1574; x_wconf 94' lang='lat' dir='ltr'>eo</span> <span class='ocrx_word' id='word_1_287' title='bbox 1531 1543 1621 1583; x_wconf 88' lang='lat' dir='ltr'>quod</span> <span class='ocrx_word' id='word_1_288' title='bbox 1636 1543 1813 1582; x_wconf 86' lang='lat' dir='ltr'>decimam,</span> <span class='ocrx_word' id='word_1_289' title='bbox 1835 1553 1854 1574; x_wconf 91' lang='lat' dir='ltr'>a</span> <span class='ocrx_word' id='word_1_290' title='bbox 1872 1544 2044 1576; x_wconf 86' lang='lat' dir='ltr'>Clemente</span> <span class='ocrx_word' id='word_1_291' title='bbox 2056 1545 2152 1585; x_wconf 86' lang='lat' dir='ltr'>Papa</span> <span class='ocrx_word' id='word_1_292' title='bbox 2165 1546 2195 1577; x_wconf 94' lang='lat' dir='ltr'><strong>V</strong></span> <span class='ocrx_word' id='word_1_293' title='bbox 2214 1546 2250 1577; x_wconf 89' lang='lat' dir='ltr'>in</span> 
     </span>
     <span class='ocr_line' id='line_1_39' title="bbox 650 1597 2251 1638; baseline 0.001 -8"><span class='ocrx_word' id='word_1_294' title='bbox 650 1598 793 1630; x_wconf 89' lang='lat' dir='ltr'>concilio</span> <span class='ocrx_word' id='word_1_295' title='bbox 812 1598 979 1630; x_wconf 89' lang='lat' dir='ltr'>Viennen.</span> <span class='ocrx_word' id='word_1_296' title='bbox 1008 1607 1069 1638; x_wconf 92' lang='lat' dir='ltr'>pro</span> <span class='ocrx_word' id='word_1_297' title='bbox 1088 1597 1242 1628; x_wconf 89' lang='lat' dir='ltr'>subsidio</span> <span class='ocrx_word' id='word_1_298' title='bbox 1258 1599 1356 1628; x_wconf 79' lang='lat' dir='ltr'>terrae</span> <span class='ocrx_word' id='word_1_299' title='bbox 1382 1598 1505 1628; x_wconf 86' lang='lat' dir='ltr'>sanctae</span> <span class='ocrx_word' id='word_1_300' title='bbox 1529 1597 1736 1636; x_wconf 85' lang='lat' dir='ltr'>impositam,</span> <span class='ocrx_word' id='word_1_301' title='bbox 1766 1597 1903 1628; x_wconf 88' lang='lat' dir='ltr'>statutis</span> <span class='ocrx_word' id='word_1_302' title='bbox 1929 1597 2086 1629; x_wconf 89' lang='lat' dir='ltr'>terminis</span> <span class='ocrx_word' id='word_1_303' title='bbox 2118 1599 2251 1631; x_wconf 87' lang='lat' dir='ltr'>solvere</span> 
     </span>
     <span class='ocr_line' id='line_1_40' title="bbox 649 1650 1610 1692; baseline -0.002 -9"><span class='ocrx_word' id='word_1_304' title='bbox 649 1652 878 1692; x_wconf 80' lang='lat' dir='ltr'>praetermisit.</span> <span class='ocrx_word' id='word_1_305' title='bbox 895 1652 948 1692; x_wconf 88' lang='grc' dir='ltr'><strong>(Α.</strong></span> <span class='ocrx_word' id='word_1_306' title='bbox 968 1652 976 1669; x_wconf 92' lang='lat'>¹</span> <span class='ocrx_word' id='word_1_307' title='bbox 995 1653 1044 1687; x_wconf 81' lang='grc'>17,</span> <span class='ocrx_word' id='word_1_308' title='bbox 1061 1651 1084 1682; x_wconf 91' lang='lat' dir='ltr'>f.</span> <span class='ocrx_word' id='word_1_309' title='bbox 1105 1652 1164 1683; x_wconf 79' lang='grc'>374</span> <span class='ocrx_word' id='word_1_310' title='bbox 1179 1656 1213 1688; x_wconf 76' lang='lat'>⁸;</span> <span class='ocrx_word' id='word_1_311' title='bbox 1236 1651 1272 1682; x_wconf 91' lang='lat' dir='ltr'>V.</span> <span class='ocrx_word' id='word_1_312' title='bbox 1290 1653 1339 1688; x_wconf 90' lang='grc'>73,</span> <span class='ocrx_word' id='word_1_313' title='bbox 1358 1659 1409 1690; x_wconf 88' lang='lat' dir='ltr'>ep.</span> <span class='ocrx_word' id='word_1_314' title='bbox 1429 1652 1458 1686; x_wconf 86' lang='lat'>1,</span> <span class='ocrx_word' id='word_1_315' title='bbox 1477 1650 1513 1681; x_wconf 84' lang='lat' dir='ltr'>de</span> <span class='ocrx_word' id='word_1_316' title='bbox 1529 1651 1610 1688; x_wconf 82' lang='lat' dir='ltr'>cur.)</span> 
     </span>
    </p>

    <p class='ocr_par' dir='ltr' id='par_1_22' title="bbox 649 1703 2251 1906">
     <span class='ocr_line' id='line_1_41' title="bbox 697 1703 2250 1746; baseline 0.001 -11"><span class='ocrx_word' id='word_1_317' title='bbox 697 1703 832 1735; x_wconf 84' lang='grc'><strong>16089.</strong></span> <span class='ocrx_word' id='word_1_318' title='bbox 854 1723 890 1728; x_wconf 91' lang='lat'>—-</span> <span class='ocrx_word' id='word_1_319' title='bbox 908 1706 1002 1736; x_wconf 87' lang='lat' dir='ltr'>Petro</span> <span class='ocrx_word' id='word_1_320' title='bbox 1016 1704 1142 1736; x_wconf 79' lang='lat' dir='ltr'>Sicardi</span> <span class='ocrx_word' id='word_1_321' title='bbox 1157 1713 1301 1735; x_wconf 82' lang='lat' dir='ltr'>converso</span> <span class='ocrx_word' id='word_1_322' title='bbox 1326 1708 1456 1735; x_wconf 86' lang='lat' dir='ltr'>monast.</span> <span class='ocrx_word' id='word_1_323' title='bbox 1477 1703 1707 1744; x_wconf 75' lang='lat' dir='ltr'>Fontislriqidi,</span> <span class='ocrx_word' id='word_1_324' title='bbox 1729 1703 1903 1734; x_wconf 73' lang='lat' dir='ltr'>Nar-honen.</span> <span class='ocrx_word' id='word_1_325' title='bbox 1926 1704 1982 1741; x_wconf 85' lang='lat' dir='ltr'>di.‚</span> <span class='ocrx_word' id='word_1_326' title='bbox 1998 1704 2250 1746; x_wconf 81' lang='lat' dir='ltr'>eleemosynario,</span> 
     </span>
     <span class='ocr_line' id='line_1_42' title="bbox 649 1756 2251 1797; baseline -0.001 -7"><span class='ocrx_word' id='word_1_327' title='bbox 649 1763 678 1790; x_wconf 75' lang='lat' dir='ltr'>et</span> <span class='ocrx_word' id='word_1_328' title='bbox 692 1759 783 1789; x_wconf 80' lang='lat' dir='ltr'>Petro</span> <span class='ocrx_word' id='word_1_329' title='bbox 813 1758 848 1790; x_wconf 84' lang='lat' dir='ltr'>de</span> <span class='ocrx_word' id='word_1_330' title='bbox 865 1758 1030 1797; x_wconf 78' lang='lat' dir='ltr'>Gauriaco,</span> <span class='ocrx_word' id='word_1_331' title='bbox 1059 1757 1217 1789; x_wconf 81' lang='lat' dir='ltr'>domicello</span> <span class='ocrx_word' id='word_1_332' title='bbox 1247 1762 1274 1788; x_wconf 85' lang='lat' dir='ltr'>et</span> <span class='ocrx_word' id='word_1_333' title='bbox 1289 1756 1392 1797; x_wconf 81' lang='lat' dir='ltr'>famil.</span> <span class='ocrx_word' id='word_1_334' title='bbox 1411 1757 1518 1797; x_wconf 78' lang='lat' dir='ltr'>Papae,</span> <span class='ocrx_word' id='word_1_335' title='bbox 1539 1756 1762 1788; x_wconf 83' lang='lat' dir='ltr'>committitur</span> <span class='ocrx_word' id='word_1_336' title='bbox 1778 1758 1816 1788; x_wconf 88' lang='lat' dir='ltr'>ut</span> <span class='ocrx_word' id='word_1_337' title='bbox 1833 1766 1967 1788; x_wconf 87' lang='lat' dir='ltr'>omnem</span> <span class='ocrx_word' id='word_1_338' title='bbox 1996 1758 2175 1797; x_wconf 89' lang='lat' dir='ltr'>pecuniam</span> <span class='ocrx_word' id='word_1_339' title='bbox 2191 1759 2251 1790; x_wconf 88' lang='lat' dir='ltr'>de-</span> 
     </span>
     <span class='ocr_line' id='line_1_43' title="bbox 650 1810 2250 1851; baseline 0 -7"><span class='ocrx_word' id='word_1_340' title='bbox 650 1813 746 1844; x_wconf 90' lang='lat' dir='ltr'>cimae</span> <span class='ocrx_word' id='word_1_341' title='bbox 762 1812 971 1850; x_wconf 86' lang='lat' dir='ltr'>sexennalis,</span> <span class='ocrx_word' id='word_1_342' title='bbox 986 1812 1022 1843; x_wconf 91' lang='lat' dir='ltr'>in</span> <span class='ocrx_word' id='word_1_343' title='bbox 1039 1811 1183 1843; x_wconf 90' lang='lat' dir='ltr'>concilio</span> <span class='ocrx_word' id='word_1_344' title='bbox 1202 1811 1368 1843; x_wconf 89' lang='lat' dir='ltr'>Viennen.</span> <span class='ocrx_word' id='word_1_345' title='bbox 1387 1819 1406 1841; x_wconf 90' lang='lat' dir='ltr'>a</span> <span class='ocrx_word' id='word_1_346' title='bbox 1420 1810 1594 1842; x_wconf 88' lang='lat' dir='ltr'>Clemente</span> <span class='ocrx_word' id='word_1_347' title='bbox 1612 1810 1704 1849; x_wconf 83' lang='lat' dir='ltr'>Papa</span> <span class='ocrx_word' id='word_1_348' title='bbox 1719 1811 1750 1842; x_wconf 88' lang='lat' dir='ltr'>V</span> <span class='ocrx_word' id='word_1_349' title='bbox 1766 1810 1945 1850; x_wconf 84' lang='lat' dir='ltr'>impositae,</span> <span class='ocrx_word' id='word_1_350' title='bbox 1962 1812 2097 1851; x_wconf 84' lang='lat' dir='ltr'>exigant</span> <span class='ocrx_word' id='word_1_351' title='bbox 2116 1811 2157 1842; x_wconf 88' lang='lat' dir='ltr'>ab</span> <span class='ocrx_word' id='word_1_352' title='bbox 2174 1821 2250 1851; x_wconf 88' lang='lat' dir='ltr'>ep.0</span> 
     </span>
     <span class='ocr_line' id='line_1_44' title="bbox 650 1863 2248 1906; baseline -0.002 -8"><span class='ocrx_word' id='word_1_353' title='bbox 650 1867 682 1898; x_wconf 81' lang='lat' dir='ltr'>et</span> <span class='ocrx_word' id='word_1_354' title='bbox 699 1866 800 1906; x_wconf 88' lang='lat' dir='ltr'>capit.</span> <span class='ocrx_word' id='word_1_355' title='bbox 820 1866 1003 1903; x_wconf 89' lang='lat' dir='ltr'>Sedunen.,</span> <span class='ocrx_word' id='word_1_356' title='bbox 1023 1867 1055 1897; x_wconf 90' lang='lat' dir='ltr'>et</span> <span class='ocrx_word' id='word_1_357' title='bbox 1073 1873 1131 1896; x_wconf 87' lang='lat' dir='ltr'>eos</span> <span class='ocrx_word' id='word_1_358' title='bbox 1149 1865 1296 1905; x_wconf 88' lang='lat' dir='ltr'>quittent</span> <span class='ocrx_word' id='word_1_359' title='bbox 1312 1864 1352 1895; x_wconf 90' lang='lat' dir='ltr'>de</span> <span class='ocrx_word' id='word_1_360' title='bbox 1370 1864 1512 1903; x_wconf 84' lang='lat' dir='ltr'>receptis</span> <span class='ocrx_word' id='word_1_361' title='bbox 1534 1863 1587 1904; x_wconf 80' lang='lat' dir='ltr'>(A.</span> <span class='ocrx_word' id='word_1_362' title='bbox 1607 1866 1643 1895; x_wconf 89' lang='grc'><strong>17</strong></span> <span class='ocrx_word' id='word_1_363' title='bbox 1659 1864 1682 1901; x_wconf 79' lang='lat'>2,</span> <span class='ocrx_word' id='word_1_364' title='bbox 1702 1863 1726 1894; x_wconf 86' lang='lat' dir='ltr'>f.</span> <span class='ocrx_word' id='word_1_365' title='bbox 1746 1865 1805 1895; x_wconf 83' lang='grc'>374</span> <span class='ocrx_word' id='word_1_366' title='bbox 1818 1869 1848 1900; x_wconf 79' lang='lat'>³;</span> <span class='ocrx_word' id='word_1_367' title='bbox 1873 1863 1908 1895; x_wconf 91' lang='lat' dir='ltr'>V.</span> <span class='ocrx_word' id='word_1_368' title='bbox 1931 1866 1981 1901; x_wconf 88' lang='grc'>73,</span> <span class='ocrx_word' id='word_1_369' title='bbox 2001 1873 2051 1904; x_wconf 92' lang='lat' dir='ltr'>ep.</span> <span class='ocrx_word' id='word_1_370' title='bbox 2069 1866 2098 1901; x_wconf 91' lang='grc'>2,</span> <span class='ocrx_word' id='word_1_371' title='bbox 2118 1864 2155 1895; x_wconf 86' lang='lat' dir='ltr'>de</span> <span class='ocrx_word' id='word_1_372' title='bbox 2169 1866 2248 1903; x_wconf 81' lang='lat' dir='ltr'>cur.)</span> 
     </span>
    </p>

    <p class='ocr_par' dir='ltr' id='par_1_23' title="bbox 649 1917 2250 2172">
     <span class='ocr_line' id='line_1_45' title="bbox 695 1917 2248 1959; baseline 0.001 -11"><span class='ocrx_word' id='word_1_373' title='bbox 695 1917 831 1949; x_wconf 84' lang='grc'><strong>16090.</strong></span> <span class='ocrx_word' id='word_1_374' title='bbox 850 1938 887 1942; x_wconf 88' lang='grc'><strong>-</strong></span> <span class='ocrx_word' id='word_1_375' title='bbox 903 1919 986 1959; x_wconf 69' lang='lat' dir='ltr'>May.</span> <span class='ocrx_word' id='word_1_376' title='bbox 1001 1919 1154 1949; x_wconf 83' lang='lat' dir='ltr'>Aimerico</span> <span class='ocrx_word' id='word_1_377' title='bbox 1168 1917 1204 1948; x_wconf 77' lang='lat' dir='ltr'>dc</span> <span class='ocrx_word' id='word_1_378' title='bbox 1232 1917 1427 1953; x_wconf 80' lang='lat' dir='ltr'>Castrolucii,</span> <span class='ocrx_word' id='word_1_379' title='bbox 1445 1917 1569 1948; x_wconf 88' lang='lat' dir='ltr'>archid.</span> <span class='ocrx_word' id='word_1_380' title='bbox 1598 1917 1886 1957; x_wconf 84' lang='lat' dir='ltr'>Transvigennen.</span> <span class='ocrx_word' id='word_1_381' title='bbox 1904 1917 1939 1948; x_wconf 91' lang='lat' dir='ltr'>in</span> <span class='ocrx_word' id='word_1_382' title='bbox 1957 1917 2038 1948; x_wconf 90' lang='lat' dir='ltr'>eccl.</span> <span class='ocrx_word' id='word_1_383' title='bbox 2063 1918 2248 1956; x_wconf 89' lang='lat' dir='ltr'>Turonen.‚</span> 
     </span>
     <span class='ocr_line' id='line_1_46' title="bbox 649 1970 2250 2013; baseline -0.001 -9"><span class='ocrx_word' id='word_1_384' title='bbox 649 1973 749 2013; x_wconf 82' lang='lat' dir='ltr'>Papae</span> <span class='ocrx_word' id='word_1_385' title='bbox 765 1982 851 2012; x_wconf 90' lang='lat' dir='ltr'>cap.,</span> <span class='ocrx_word' id='word_1_386' title='bbox 873 1972 1056 2012; x_wconf 80' lang='lat' dir='ltr'>provinciae</span> <span class='ocrx_word' id='word_1_387' title='bbox 1074 1971 1306 2004; x_wconf 86' lang='lat' dir='ltr'>Romandiolae</span> <span class='ocrx_word' id='word_1_388' title='bbox 1327 1970 1463 2008; x_wconf 87' lang='lat' dir='ltr'>rectori,</span> <span class='ocrx_word' id='word_1_389' title='bbox 1478 1970 1591 2001; x_wconf 86' lang='lat' dir='ltr'>mand.</span> <span class='ocrx_word' id='word_1_390' title='bbox 1608 1971 1645 2001; x_wconf 88' lang='lat' dir='ltr'>ut</span> <span class='ocrx_word' id='word_1_391' title='bbox 1662 1979 1697 2001; x_wconf 87' lang='lat' dir='ltr'>se</span> <span class='ocrx_word' id='word_1_392' title='bbox 1714 1970 1874 2001; x_wconf 87' lang='lat' dir='ltr'>informet</span> <span class='ocrx_word' id='word_1_393' title='bbox 1889 1971 1922 2001; x_wconf 92' lang='lat' dir='ltr'>et</span> <span class='ocrx_word' id='word_1_394' title='bbox 1937 1970 2062 2002; x_wconf 80' lang='lat' dir='ltr'>referat</span> <span class='ocrx_word' id='word_1_395' title='bbox 2077 1971 2117 2002; x_wconf 90' lang='lat' dir='ltr'>de</span> <span class='ocrx_word' id='word_1_396' title='bbox 2133 1972 2250 2004; x_wconf 89' lang='lat' dir='ltr'>valore</span> 
     </span>
     <span class='ocr_line' id='line_1_47' title="bbox 650 2023 2249 2065; baseline -0.001 -8"><span class='ocrx_word' id='word_1_397' title='bbox 650 2026 843 2058; x_wconf 91' lang='lat' dir='ltr'>reddituum</span> <span class='ocrx_word' id='word_1_398' title='bbox 860 2026 942 2058; x_wconf 91' lang='lat' dir='ltr'>eccl.</span> <span class='ocrx_word' id='word_1_399' title='bbox 960 2035 988 2057; x_wconf 88' lang='lat' dir='ltr'>s.</span> <span class='ocrx_word' id='word_1_400' title='bbox 1003 2025 1146 2057; x_wconf 85' lang='lat' dir='ltr'>Joannis</span> <span class='ocrx_word' id='word_1_401' title='bbox 1163 2025 1204 2056; x_wconf 91' lang='lat' dir='ltr'>de</span> <span class='ocrx_word' id='word_1_402' title='bbox 1228 2025 1406 2065; x_wconf 83' lang='lat' dir='ltr'>Magnano,</span> <span class='ocrx_word' id='word_1_403' title='bbox 1430 2023 1619 2055; x_wconf 89' lang='lat' dir='ltr'>Ariminen.</span> <span class='ocrx_word' id='word_1_404' title='bbox 1638 2024 1698 2061; x_wconf 90' lang='lat' dir='ltr'>di.‚</span> <span class='ocrx_word' id='word_1_405' title='bbox 1725 2023 1820 2063; x_wconf 91' lang='lat' dir='ltr'>cujus</span> <span class='ocrx_word' id='word_1_406' title='bbox 1845 2024 1986 2055; x_wconf 88' lang='lat' dir='ltr'>rectoris</span> <span class='ocrx_word' id='word_1_407' title='bbox 2011 2024 2182 2056; x_wconf 89' lang='lat' dir='ltr'>institutio</span> <span class='ocrx_word' id='word_1_408' title='bbox 2207 2025 2249 2056; x_wconf 88' lang='lat' dir='ltr'>ad</span> 
     </span>
     <span class='ocr_line' id='line_1_48' title="bbox 649 2077 2246 2120; baseline -0.001 -9"><span class='ocrx_word' id='word_1_409' title='bbox 649 2088 763 2120; x_wconf 90' lang='lat' dir='ltr'>ep.um</span> <span class='ocrx_word' id='word_1_410' title='bbox 780 2079 970 2111; x_wconf 87' lang='lat' dir='ltr'>Ariminen.</span> <span class='ocrx_word' id='word_1_411' title='bbox 989 2079 1135 2119; x_wconf 86' lang='lat' dir='ltr'>pertinet</span> <span class='ocrx_word' id='word_1_412' title='bbox 1148 2086 1290 2118; x_wconf 79' lang='lat' dir='ltr'>quaeque</span> <span class='ocrx_word' id='word_1_413' title='bbox 1305 2086 1364 2118; x_wconf 89' lang='lat' dir='ltr'>per</span> <span class='ocrx_word' id='word_1_414' title='bbox 1380 2077 1455 2108; x_wconf 91' lang='lat' dir='ltr'>abb.</span> <span class='ocrx_word' id='word_1_415' title='bbox 1471 2079 1504 2108; x_wconf 88' lang='lat' dir='ltr'>et</span> <span class='ocrx_word' id='word_1_416' title='bbox 1526 2085 1621 2107; x_wconf 89' lang='lat' dir='ltr'>conv.</span> <span class='ocrx_word' id='word_1_417' title='bbox 1648 2077 1792 2107; x_wconf 89' lang='lat' dir='ltr'>monast.</span> <span class='ocrx_word' id='word_1_418' title='bbox 1820 2086 1846 2107; x_wconf 88' lang='lat' dir='ltr'>s.</span> <span class='ocrx_word' id='word_1_419' title='bbox 1864 2077 1990 2108; x_wconf 89' lang='lat' dir='ltr'>Vitalis</span> <span class='ocrx_word' id='word_1_420' title='bbox 2014 2078 2246 2109; x_wconf 87' lang='lat' dir='ltr'>Ravennaten.</span> 
     </span>
     <span class='ocr_line' id='line_1_49' title="bbox 649 2129 1720 2172; baseline -0.005 -8"><span class='ocrx_word' id='word_1_421' title='bbox 649 2133 799 2164; x_wconf 90' lang='lat' dir='ltr'>indebite</span> <span class='ocrx_word' id='word_1_422' title='bbox 817 2133 997 2164; x_wconf 88' lang='lat' dir='ltr'>detinetur.</span> <span class='ocrx_word' id='word_1_423' title='bbox 1016 2132 1069 2172; x_wconf 82' lang='lat' dir='ltr'>(A.</span> <span class='ocrx_word' id='word_1_424' title='bbox 1090 2133 1139 2168; x_wconf 90' lang='grc'>17,</span> <span class='ocrx_word' id='word_1_425' title='bbox 1161 2131 1184 2162; x_wconf 88' lang='lat' dir='ltr'>f.</span> <span class='ocrx_word' id='word_1_426' title='bbox 1204 2133 1263 2163; x_wconf 91' lang='grc'><strong>376</strong></span> <span class='ocrx_word' id='word_1_427' title='bbox 1280 2135 1309 2168; x_wconf 76' lang='lat'>¹3</span> <span class='ocrx_word' id='word_1_428' title='bbox 1331 2130 1364 2160; x_wconf 92' lang='lat' dir='ltr'>V.</span> <span class='ocrx_word' id='word_1_429' title='bbox 1383 2132 1433 2167; x_wconf 90' lang='grc'>73,</span> <span class='ocrx_word' id='word_1_430' title='bbox 1448 2139 1500 2170; x_wconf 88' lang='lat' dir='ltr'>ep.</span> <span class='ocrx_word' id='word_1_431' title='bbox 1519 2131 1569 2167; x_wconf 87' lang='grc'>12,</span> <span class='ocrx_word' id='word_1_432' title='bbox 1588 2129 1626 2160; x_wconf 85' lang='lat' dir='ltr'>de</span> <span class='ocrx_word' id='word_1_433' title='bbox 1641 2131 1720 2168; x_wconf 84' lang='lat' dir='ltr'>cur.)</span> 
     </span>
    </p>

    <p class='ocr_par' dir='ltr' id='par_1_24' title="bbox 650 2183 2248 2333">
     <span class='ocr_line' id='line_1_50' title="bbox 696 2183 2247 2223; baseline -0.001 -7"><span class='ocrx_word' id='word_1_434' title='bbox 696 2183 830 2216; x_wconf 83' lang='grc'><strong>16091.</strong></span> <span class='ocrx_word' id='word_1_435' title='bbox 849 2204 887 2209; x_wconf 84' lang='grc'><strong>-</strong></span> <span class='ocrx_word' id='word_1_436' title='bbox 903 2185 979 2216; x_wconf 86' lang='lat' dir='ltr'>Eid.</span> <span class='ocrx_word' id='word_1_437' title='bbox 996 2185 1110 2216; x_wconf 86' lang='lat' dir='ltr'>mand.</span> <span class='ocrx_word' id='word_1_438' title='bbox 1127 2185 1164 2215; x_wconf 91' lang='lat' dir='ltr'>ut</span> <span class='ocrx_word' id='word_1_439' title='bbox 1182 2185 1223 2215; x_wconf 91' lang='lat' dir='ltr'>ad</span> <span class='ocrx_word' id='word_1_440' title='bbox 1249 2183 1421 2216; x_wconf 79' lang='lat' dir='ltr'>Frederici</span> <span class='ocrx_word' id='word_1_441' title='bbox 1449 2183 1488 2214; x_wconf 89' lang='lat' dir='ltr'>de</span> <span class='ocrx_word' id='word_1_442' title='bbox 1505 2183 1744 2214; x_wconf 85' lang='lat' dir='ltr'>Monteferetro</span> <span class='ocrx_word' id='word_1_443' title='bbox 1767 2191 1804 2213; x_wconf 89' lang='lat' dir='ltr'>ac</span> <span class='ocrx_word' id='word_1_444' title='bbox 1836 2183 1978 2214; x_wconf 86' lang='lat' dir='ltr'>fratrum</span> <span class='ocrx_word' id='word_1_445' title='bbox 1996 2185 2029 2214; x_wconf 90' lang='lat' dir='ltr'>et</span> <span class='ocrx_word' id='word_1_446' title='bbox 2048 2184 2247 2223; x_wconf 89' lang='lat' dir='ltr'>sequacium</span> 
     </span>
     <span class='ocr_line' id='line_1_51' title="bbox 650 2236 2248 2279; baseline -0.002 -8"><span class='ocrx_word' id='word_1_447' title='bbox 650 2248 791 2271; x_wconf 89' lang='lat' dir='ltr'>suorum</span> <span class='ocrx_word' id='word_1_448' title='bbox 809 2239 1002 2279; x_wconf 87' lang='lat' dir='ltr'>superbiam</span> <span class='ocrx_word' id='word_1_449' title='bbox 1029 2238 1292 2270; x_wconf 87' lang='lat' dir='ltr'>conculcandam</span> <span class='ocrx_word' id='word_1_450' title='bbox 1315 2237 1475 2268; x_wconf 88' lang='lat' dir='ltr'>solertem</span> <span class='ocrx_word' id='word_1_451' title='bbox 1497 2236 1709 2276; x_wconf 84' lang='lat' dir='ltr'>diligentiam</span> <span class='ocrx_word' id='word_1_452' title='bbox 1739 2236 1906 2267; x_wconf 83' lang='lat' dir='ltr'>adhibeat.</span> <span class='ocrx_word' id='word_1_453' title='bbox 1937 2237 1990 2276; x_wconf 88' lang='lat' dir='ltr'>(A.</span> <span class='ocrx_word' id='word_1_454' title='bbox 2023 2239 2071 2274; x_wconf 92' lang='grc'>17,</span> <span class='ocrx_word' id='word_1_455' title='bbox 2096 2236 2118 2267; x_wconf 87' lang='lat' dir='ltr'>f.</span> <span class='ocrx_word' id='word_1_456' title='bbox 2142 2239 2201 2268; x_wconf 88' lang='grc'>376</span> <span class='ocrx_word' id='word_1_457' title='bbox 2216 2242 2248 2274; x_wconf 74' lang='lat'>⁸;</span> 
     </span>
     <span class='ocr_line' id='line_1_52' title="bbox 656 2292 1047 2333; baseline -0.008 -9"><span class='ocrx_word' id='word_1_458' title='bbox 656 2292 690 2324; x_wconf 91' lang='lat' dir='ltr'>V.</span> <span class='ocrx_word' id='word_1_459' title='bbox 706 2295 756 2331; x_wconf 86' lang='lat'>73,</span> <span class='ocrx_word' id='word_1_460' title='bbox 776 2301 828 2333; x_wconf 89' lang='lat' dir='ltr'>ep.</span> <span class='ocrx_word' id='word_1_461' title='bbox 850 2295 899 2330; x_wconf 86' lang='grc'>13,</span> <span class='ocrx_word' id='word_1_462' title='bbox 914 2292 951 2323; x_wconf 81' lang='lat' dir='ltr'>de</span> <span class='ocrx_word' id='word_1_463' title='bbox 967 2292 1047 2332; x_wconf 85' lang='lat' dir='ltr'>cur.)</span> 
     </span>
    </p>

    <p class='ocr_par' dir='ltr' id='par_1_25' title="bbox 649 2342 2249 2437">
     <span class='ocr_line' id='line_1_53' title="bbox 696 2342 2249 2382; baseline -0.001 -6"><span class='ocrx_word' id='word_1_464' title='bbox 696 2343 831 2376; x_wconf 78' lang='lat'>16092.</span> <span class='ocrx_word' id='word_1_465' title='bbox 846 2363 885 2369; x_wconf 90' lang='lat'>-</span> <span class='ocrx_word' id='word_1_466' title='bbox 901 2345 1022 2376; x_wconf 83' lang='lat' dir='ltr'>Amelio</span> <span class='ocrx_word' id='word_1_467' title='bbox 1042 2344 1108 2376; x_wconf 89' lang='lat' dir='ltr'>abb.</span> <span class='ocrx_word' id='word_1_468' title='bbox 1127 2348 1258 2375; x_wconf 81' lang='lat' dir='ltr'>monast.</span> <span class='ocrx_word' id='word_1_469' title='bbox 1275 2354 1299 2375; x_wconf 78' lang='lat' dir='ltr'>s.</span> <span class='ocrx_word' id='word_1_470' title='bbox 1328 2343 1495 2374; x_wconf 81' lang='lat' dir='ltr'>Saturnini</span> <span class='ocrx_word' id='word_1_471' title='bbox 1513 2342 1670 2379; x_wconf 60' lang='lat' dir='ltr'>Tolosam,</span> <span class='ocrx_word' id='word_1_472' title='bbox 1699 2342 1798 2382; x_wconf 88' lang='lat' dir='ltr'>Papae</span> <span class='ocrx_word' id='word_1_473' title='bbox 1816 2351 1902 2382; x_wconf 89' lang='lat' dir='ltr'>cap.,</span> <span class='ocrx_word' id='word_1_474' title='bbox 1927 2343 2086 2375; x_wconf 87' lang='lat' dir='ltr'>Marchiae</span> <span class='ocrx_word' id='word_1_475' title='bbox 2105 2343 2249 2375; x_wconf 90' lang='lat' dir='ltr'>Anconi-</span> 
     </span>
     <span class='ocr_line' id='line_1_54' title="bbox 649 2395 1820 2437; baseline -0.004 -6"><span class='ocrx_word' id='word_1_476' title='bbox 649 2401 717 2432; x_wconf 91' lang='lat' dir='ltr'>tan.</span> <span class='ocrx_word' id='word_1_477' title='bbox 735 2399 870 2436; x_wconf 82' lang='lat' dir='ltr'>rectori,</span> <span class='ocrx_word' id='word_1_478' title='bbox 882 2399 995 2430; x_wconf 88' lang='lat' dir='ltr'>mand.</span> <span class='ocrx_word' id='word_1_479' title='bbox 1014 2398 1115 2430; x_wconf 90' lang='lat' dir='ltr'>idem.</span> <span class='ocrx_word' id='word_1_480' title='bbox 1134 2398 1249 2437; x_wconf 82' lang='grc' dir='ltr'><strong>(Α.17,</strong></span> <span class='ocrx_word' id='word_1_481' title='bbox 1265 2397 1286 2428; x_wconf 88' lang='lat' dir='ltr'>f.</span> <span class='ocrx_word' id='word_1_482' title='bbox 1302 2396 1402 2434; x_wconf 67' lang='lat' dir='ltr'>376b;</span> <span class='ocrx_word' id='word_1_483' title='bbox 1427 2396 1462 2428; x_wconf 90' lang='lat' dir='ltr'>V.</span> <span class='ocrx_word' id='word_1_484' title='bbox 1480 2398 1531 2434; x_wconf 86' lang='lat'>73,</span> <span class='ocrx_word' id='word_1_485' title='bbox 1548 2405 1601 2436; x_wconf 90' lang='lat' dir='ltr'>ep.</span> <span class='ocrx_word' id='word_1_486' title='bbox 1621 2397 1670 2433; x_wconf 91' lang='grc'>16,</span> <span class='ocrx_word' id='word_1_487' title='bbox 1689 2397 1726 2427; x_wconf 81' lang='lat' dir='ltr'>cte</span> <span class='ocrx_word' id='word_1_488' title='bbox 1741 2395 1820 2436; x_wconf 82' lang='lat' dir='ltr'>cur.)</span> 
     </span>
    </p>

    <p class='ocr_par' dir='ltr' id='par_1_26' title="bbox 647 2449 2250 2654">
     <span class='ocr_line' id='line_1_55' title="bbox 693 2449 2249 2493; baseline -0.002 -11"><span class='ocrx_word' id='word_1_489' title='bbox 693 2453 704 2464; x_wconf 69' lang='lat'>³</span> <span class='ocrx_word' id='word_1_490' title='bbox 724 2450 859 2482; x_wconf 88' lang='grc'><strong>16093.</strong></span> <span class='ocrx_word' id='word_1_491' title='bbox 882 2470 919 2476; x_wconf 93' lang='lat'>-—</span> <span class='ocrx_word' id='word_1_492' title='bbox 935 2452 1064 2493; x_wconf 73' lang='lat' dir='ltr'>Georqio</span> <span class='ocrx_word' id='word_1_493' title='bbox 1080 2452 1145 2492; x_wconf 73' lang='lat' dir='ltr'>reqi</span> <span class='ocrx_word' id='word_1_494' title='bbox 1161 2451 1401 2491; x_wconf 75' lang='lat' dir='ltr'>Georyianorum</span> <span class='ocrx_word' id='word_1_495' title='bbox 1428 2450 1553 2490; x_wconf 78' lang='lat' dir='ltr'>ejusque</span> <span class='ocrx_word' id='word_1_496' title='bbox 1579 2449 1753 2486; x_wconf 78' lang='lat' dir='ltr'>baronibus,</span> <span class='ocrx_word' id='word_1_497' title='bbox 1784 2453 1856 2486; x_wconf 61' lang='lat' dir='ltr'>etc„</span> <span class='ocrx_word' id='word_1_498' title='bbox 1883 2459 1919 2480; x_wconf 85' lang='lat' dir='ltr'>ac</span> <span class='ocrx_word' id='word_1_499' title='bbox 1933 2450 2020 2480; x_wconf 84' lang='lat' dir='ltr'>univ.</span> <span class='ocrx_word' id='word_1_500' title='bbox 2043 2449 2168 2490; x_wconf 72' lang='lat' dir='ltr'>populis</span> <span class='ocrx_word' id='word_1_501' title='bbox 2188 2459 2249 2490; x_wconf 81' lang='lat' dir='ltr'>per</span> 
     </span>
     <span class='ocr_line' id='line_1_56' title="bbox 647 2503 2250 2548; baseline -0.002 -10"><span class='ocrx_word' id='word_1_502' title='bbox 647 2516 743 2548; x_wconf 76' lang='lat' dir='ltr'>reqna</span> <span class='ocrx_word' id='word_1_503' title='bbox 759 2506 958 2538; x_wconf 67' lang='lat' dir='ltr'>Tanai-orum</span> <span class='ocrx_word' id='word_1_504' title='bbox 976 2505 1148 2537; x_wconf 82' lang='lat' dir='ltr'>constitutis</span> <span class='ocrx_word' id='word_1_505' title='bbox 1163 2504 1324 2536; x_wconf 87' lang='lat' dir='ltr'>scribitur</span> <span class='ocrx_word' id='word_1_506' title='bbox 1340 2505 1378 2535; x_wconf 84' lang='lat' dir='ltr'>ut</span> <span class='ocrx_word' id='word_1_507' title='bbox 1395 2504 1517 2535; x_wconf 84' lang='lat' dir='ltr'>fratres</span> <span class='ocrx_word' id='word_1_508' title='bbox 1532 2503 1682 2534; x_wconf 89' lang='lat' dir='ltr'>minores</span> <span class='ocrx_word' id='word_1_509' title='bbox 1700 2503 1742 2534; x_wconf 88' lang='lat' dir='ltr'>ad</span> <span class='ocrx_word' id='word_1_510' title='bbox 1757 2503 1851 2542; x_wconf 88' lang='lat' dir='ltr'>ipsos</span> <span class='ocrx_word' id='word_1_511' title='bbox 1864 2511 1924 2543; x_wconf 91' lang='lat' dir='ltr'>per</span> <span class='ocrx_word' id='word_1_512' title='bbox 1940 2503 1980 2534; x_wconf 92' lang='lat' dir='ltr'>P.</span> <span class='ocrx_word' id='word_1_513' title='bbox 1995 2504 2034 2535; x_wconf 91' lang='lat' dir='ltr'>P.</span> <span class='ocrx_word' id='word_1_514' title='bbox 2051 2503 2177 2535; x_wconf 88' lang='lat' dir='ltr'>missos</span> <span class='ocrx_word' id='word_1_515' title='bbox 2193 2503 2250 2534; x_wconf 72' lang='lat' dir='ltr'>be·</span> 
     </span>
     <span class='ocr_line' id='line_1_57' title="bbox 648 2556 2250 2605; baseline -0.003 -13"><span class='ocrx_word' id='word_1_516' title='bbox 648 2561 749 2601; x_wconf 86' lang='lat' dir='ltr'>nigne</span> <span class='ocrx_word' id='word_1_517' title='bbox 762 2560 939 2605; x_wconf 83' lang='lat' dir='ltr'>recipiant,</span> <span class='ocrx_word' id='word_1_518' title='bbox 956 2561 990 2591; x_wconf 87' lang='lat' dir='ltr'>et</span> <span class='ocrx_word' id='word_1_519' title='bbox 1011 2559 1052 2591; x_wconf 91' lang='lat' dir='ltr'>ad</span> <span class='ocrx_word' id='word_1_520' title='bbox 1074 2558 1227 2591; x_wconf 81' lang='lat' dir='ltr'>ecelesiae</span> <span class='ocrx_word' id='word_1_521' title='bbox 1250 2558 1415 2589; x_wconf 88' lang='lat' dir='ltr'>unitatem</span> <span class='ocrx_word' id='word_1_522' title='bbox 1443 2557 1582 2588; x_wconf 88' lang='lat' dir='ltr'>redeant</span> <span class='ocrx_word' id='word_1_523' title='bbox 1606 2556 1660 2597; x_wconf 84' lang='lat' dir='ltr'>(A.</span> <span class='ocrx_word' id='word_1_524' title='bbox 1686 2558 1734 2593; x_wconf 90' lang='grc'>17,</span> <span class='ocrx_word' id='word_1_525' title='bbox 1759 2556 1782 2587; x_wconf 86' lang='lat' dir='ltr'>f.</span> <span class='ocrx_word' id='word_1_526' title='bbox 1801 2557 1859 2588; x_wconf 77' lang='lat'>403</span> <span class='ocrx_word' id='word_1_527' title='bbox 1876 2556 1910 2594; x_wconf 80' lang='lat' dir='ltr'>b;</span> <span class='ocrx_word' id='word_1_528' title='bbox 1943 2556 1979 2588; x_wconf 87' lang='lat' dir='ltr'>V.</span> <span class='ocrx_word' id='word_1_529' title='bbox 2000 2558 2052 2594; x_wconf 86' lang='lat'>73,</span> <span class='ocrx_word' id='word_1_530' title='bbox 2077 2565 2129 2596; x_wconf 92' lang='lat' dir='ltr'>ep.</span> <span class='ocrx_word' id='word_1_531' title='bbox 2147 2559 2197 2594; x_wconf 78' lang='lat'>23,</span> <span class='ocrx_word' id='word_1_532' title='bbox 2212 2556 2250 2587; x_wconf 81' lang='lat' dir='ltr'>de</span> 
     </span>
     <span class='ocr_line' id='line_1_58' title="bbox 649 2610 1729 2654; baseline -0.006 -8"><span class='ocrx_word' id='word_1_533' title='bbox 649 2624 713 2645; x_wconf 82' lang='lat' dir='ltr'>cur.</span> <span class='ocrx_word' id='word_1_534' title='bbox 723 2623 733 2650; x_wconf 89' lang='lat'>;</span> <span class='ocrx_word' id='word_1_535' title='bbox 747 2613 930 2654; x_wconf 87' lang='lat' dir='ltr'>Raynaldi,</span> <span class='ocrx_word' id='word_1_536' title='bbox 948 2612 1085 2644; x_wconf 82' lang='lat' dir='ltr'>Annales</span> <span class='ocrx_word' id='word_1_537' title='bbox 1101 2612 1296 2643; x_wconf 72' lang='lat' dir='ltr'>ecclesiastici</span> <span class='ocrx_word' id='word_1_538' title='bbox 1309 2610 1349 2642; x_wconf 86' lang='lat' dir='ltr'>ad</span> <span class='ocrx_word' id='word_1_539' title='bbox 1358 2620 1473 2641; x_wconf 80' lang='lat' dir='ltr'>annum</span> <span class='ocrx_word' id='word_1_540' title='bbox 1490 2611 1579 2648; x_wconf 83' lang='grc'><strong>1321,</strong></span> <span class='ocrx_word' id='word_1_541' title='bbox 1595 2610 1610 2650; x_wconf 64' lang='grc' dir='ltr'>ἓ</span> <span class='ocrx_word' id='word_1_542' title='bbox 1624 2610 1729 2648; x_wconf 91' lang='lat' dir='ltr'>VIII.)</span> 
     </span>
    </p>

    <p class='ocr_par' dir='ltr' id='par_1_27' title="bbox 648 2662 2249 2974">
     <span class='ocr_line' id='line_1_59' title="bbox 696 2662 2248 2706; baseline -0.003 -9"><span class='ocrx_word' id='word_1_543' title='bbox 696 2664 832 2698; x_wconf 81' lang='grc'><strong>16094.</strong></span> <span class='ocrx_word' id='word_1_544' title='bbox 846 2684 886 2690; x_wconf 90' lang='grc'>-</span> <span class='ocrx_word' id='word_1_545' title='bbox 901 2666 1059 2697; x_wconf 77' lang='lat' dir='ltr'>Zachariae</span> <span class='ocrx_word' id='word_1_546' title='bbox 1080 2666 1238 2706; x_wconf 80' lang='lat' dir='ltr'>archiep.o</span> <span class='ocrx_word' id='word_1_547' title='bbox 1253 2675 1277 2695; x_wconf 82' lang='lat' dir='ltr'>s.</span> <span class='ocrx_word' id='word_1_548' title='bbox 1304 2664 1331 2695; x_wconf 85' lang='lat' dir='ltr'><em>T</em></span> <span class='ocrx_word' id='word_1_549' title='bbox 1329 2663 1427 2695; x_wconf 69' lang='lat' dir='ltr'>hadaei</span> <span class='ocrx_word' id='word_1_550' title='bbox 1447 2662 1580 2705; x_wconf 84' lang='lat' dir='ltr'>apostoli</span> <span class='ocrx_word' id='word_1_551' title='bbox 1607 2663 1644 2694; x_wconf 84' lang='lat' dir='ltr'>de</span> <span class='ocrx_word' id='word_1_552' title='bbox 1670 2662 1873 2699; x_wconf 78' lang='lat' dir='ltr'>Caraclessia,</span> <span class='ocrx_word' id='word_1_553' title='bbox 1890 2668 1917 2694; x_wconf 85' lang='lat' dir='ltr'>et</span> <span class='ocrx_word' id='word_1_554' title='bbox 1935 2663 2050 2694; x_wconf 81' lang='lat' dir='ltr'>vicario</span> <span class='ocrx_word' id='word_1_555' title='bbox 2065 2663 2248 2703; x_wconf 68' lang='lat' dir='ltr'>praedicato-</span> 
     </span>
     <span class='ocr_line' id='line_1_60' title="bbox 649 2715 2249 2760; baseline -0.003 -8"><span class='ocrx_word' id='word_1_556' title='bbox 649 2731 716 2752; x_wconf 83' lang='lat' dir='ltr'>rum</span> <span class='ocrx_word' id='word_1_557' title='bbox 735 2731 770 2752; x_wconf 86' lang='lat' dir='ltr'>ac</span> <span class='ocrx_word' id='word_1_558' title='bbox 786 2720 903 2752; x_wconf 77' lang='lat' dir='ltr'>custodi</span> <span class='ocrx_word' id='word_1_559' title='bbox 917 2721 1053 2760; x_wconf 76' lang='lat' dir='ltr'>fratrum</span> <span class='ocrx_word' id='word_1_560' title='bbox 1070 2720 1233 2754; x_wconf 85' lang='lat' dir='ltr'>minorum,</span> <span class='ocrx_word' id='word_1_561' title='bbox 1249 2719 1282 2749; x_wconf 82' lang='lat' dir='ltr'>in</span> <span class='ocrx_word' id='word_1_562' title='bbox 1302 2717 1432 2759; x_wconf 82' lang='lat' dir='ltr'>imperio</span> <span class='ocrx_word' id='word_1_563' title='bbox 1449 2717 1647 2747; x_wconf 76' lang='lat' dir='ltr'>Tartarorum</span> <span class='ocrx_word' id='word_1_564' title='bbox 1662 2715 1930 2753; x_wconf 81' lang='lat' dir='ltr'>commorantibus,</span> <span class='ocrx_word' id='word_1_565' title='bbox 1948 2724 2042 2748; x_wconf 87' lang='lat' dir='ltr'>conc.</span> <span class='ocrx_word' id='word_1_566' title='bbox 2059 2717 2096 2747; x_wconf 82' lang='lat' dir='ltr'>ut</span> <span class='ocrx_word' id='word_1_567' title='bbox 2115 2716 2249 2756; x_wconf 88' lang='lat' dir='ltr'>dispen-</span> 
     </span>
     <span class='ocr_line' id='line_1_61' title="bbox 649 2769 2247 2814; baseline -0.005 -7"><span class='ocrx_word' id='word_1_568' title='bbox 649 2783 725 2807; x_wconf 85' lang='lat' dir='ltr'>sare</span> <span class='ocrx_word' id='word_1_569' title='bbox 739 2775 874 2806; x_wconf 85' lang='lat' dir='ltr'>valeant</span> <span class='ocrx_word' id='word_1_570' title='bbox 889 2774 1049 2814; x_wconf 78' lang='lat' dir='ltr'>praelatos</span> <span class='ocrx_word' id='word_1_571' title='bbox 1069 2773 1149 2804; x_wconf 88' lang='lat' dir='ltr'>eccl.</span> <span class='ocrx_word' id='word_1_572' title='bbox 1168 2772 1251 2804; x_wconf 88' lang='lat' dir='ltr'>dicti</span> <span class='ocrx_word' id='word_1_573' title='bbox 1269 2771 1417 2812; x_wconf 90' lang='lat' dir='ltr'>imperii,</span> <span class='ocrx_word' id='word_1_574' title='bbox 1435 2771 1494 2811; x_wconf 89' lang='lat' dir='ltr'>qui</span> <span class='ocrx_word' id='word_1_575' title='bbox 1506 2771 1548 2802; x_wconf 89' lang='lat' dir='ltr'>ad</span> <span class='ocrx_word' id='word_1_576' title='bbox 1563 2771 1763 2811; x_wconf 76' lang='lat' dir='ltr'>praelaturas</span> <span class='ocrx_word' id='word_1_577' title='bbox 1784 2778 1864 2801; x_wconf 87' lang='lat' dir='ltr'>suas</span> <span class='ocrx_word' id='word_1_578' title='bbox 1878 2769 2079 2801; x_wconf 88' lang='lat' dir='ltr'>canonicum</span> <span class='ocrx_word' id='word_1_579' title='bbox 2099 2777 2166 2801; x_wconf 91' lang='lat' dir='ltr'>non</span> <span class='ocrx_word' id='word_1_580' title='bbox 2188 2769 2247 2800; x_wconf 89' lang='lat' dir='ltr'>ha-</span> 
     </span>
     <span class='ocr_line' id='line_1_62' title="bbox 648 2821 2243 2868; baseline -0.005 -8"><span class='ocrx_word' id='word_1_581' title='bbox 648 2829 794 2860; x_wconf 87' lang='lat' dir='ltr'>buerunt</span> <span class='ocrx_word' id='word_1_582' title='bbox 806 2828 1011 2868; x_wconf 83' lang='lat' dir='ltr'>ingressum,</span> <span class='ocrx_word' id='word_1_583' title='bbox 1030 2828 1067 2859; x_wconf 93' lang='lat' dir='ltr'>ut</span> <span class='ocrx_word' id='word_1_584' title='bbox 1083 2826 1118 2858; x_wconf 93' lang='lat' dir='ltr'>in</span> <span class='ocrx_word' id='word_1_585' title='bbox 1132 2826 1206 2858; x_wconf 87' lang='lat' dir='ltr'>suis</span> <span class='ocrx_word' id='word_1_586' title='bbox 1223 2825 1422 2857; x_wconf 83' lang='lat' dir='ltr'>remaneant</span> <span class='ocrx_word' id='word_1_587' title='bbox 1444 2824 1655 2864; x_wconf 77' lang='lat' dir='ltr'>praelaturis3</span> <span class='ocrx_word' id='word_1_588' title='bbox 1671 2823 1782 2855; x_wconf 90' lang='lat' dir='ltr'>dictus</span> <span class='ocrx_word' id='word_1_589' title='bbox 1807 2824 1920 2854; x_wconf 87' lang='lat' dir='ltr'>autem</span> <span class='ocrx_word' id='word_1_590' title='bbox 1942 2822 2134 2862; x_wconf 89' lang='lat' dir='ltr'>archiep.us</span> <span class='ocrx_word' id='word_1_591' title='bbox 2152 2821 2243 2859; x_wconf 89' lang='lat' dir='ltr'>illos,</span> 
     </span>
     <span class='ocr_line' id='line_1_63' title="bbox 649 2874 2244 2922; baseline -0.006 -9"><span class='ocrx_word' id='word_1_592' title='bbox 649 2882 707 2922; x_wconf 90' lang='lat' dir='ltr'>qui</span> <span class='ocrx_word' id='word_1_593' title='bbox 723 2882 765 2912; x_wconf 90' lang='lat' dir='ltr'>ad</span> <span class='ocrx_word' id='word_1_594' title='bbox 782 2880 918 2913; x_wconf 90' lang='lat' dir='ltr'>ordines</span> <span class='ocrx_word' id='word_1_595' title='bbox 931 2881 995 2912; x_wconf 90' lang='lat' dir='ltr'>rite</span> <span class='ocrx_word' id='word_1_596' title='bbox 1011 2879 1158 2920; x_wconf 87' lang='lat' dir='ltr'>promoti</span> <span class='ocrx_word' id='word_1_597' title='bbox 1174 2887 1241 2911; x_wconf 93' lang='lat' dir='ltr'>non</span> <span class='ocrx_word' id='word_1_598' title='bbox 1257 2878 1442 2914; x_wconf 87' lang='lat' dir='ltr'>extiterint,</span> <span class='ocrx_word' id='word_1_599' title='bbox 1459 2877 1524 2908; x_wconf 89' lang='lat' dir='ltr'>rite</span> <span class='ocrx_word' id='word_1_600' title='bbox 1540 2877 1673 2908; x_wconf 89' lang='lat' dir='ltr'>ordinet</span> <span class='ocrx_word' id='word_1_601' title='bbox 1689 2876 1874 2907; x_wconf 87' lang='lat' dir='ltr'>secundum</span> <span class='ocrx_word' id='word_1_602' title='bbox 1892 2875 2052 2906; x_wconf 89' lang='lat' dir='ltr'>canonica</span> <span class='ocrx_word' id='word_1_603' title='bbox 2074 2874 2244 2911; x_wconf 80' lang='lat' dir='ltr'>instituta.</span> 
     </span>
     <span class='ocr_line' id='line_1_64' title="bbox 649 2928 2064 2974; baseline -0.006 -8"><span class='ocrx_word' id='word_1_604' title='bbox 649 2935 700 2974; x_wconf 87' lang='lat' dir='ltr'>(A.</span> <span class='ocrx_word' id='word_1_605' title='bbox 718 2937 766 2972; x_wconf 90' lang='grc'>17,</span> <span class='ocrx_word' id='word_1_606' title='bbox 784 2934 807 2966; x_wconf 85' lang='lat' dir='ltr'>f.</span> <span class='ocrx_word' id='word_1_607' title='bbox 824 2935 884 2966; x_wconf 82' lang='lat'>378</span> <span class='ocrx_word' id='word_1_608' title='bbox 900 2939 929 2970; x_wconf 69' lang='grc' dir='ltr'>ι;</span> <span class='ocrx_word' id='word_1_609' title='bbox 951 2933 987 2964; x_wconf 90' lang='lat' dir='ltr'>V.</span> <span class='ocrx_word' id='word_1_610' title='bbox 1001 2935 1050 2970; x_wconf 86' lang='grc'>73,</span> <span class='ocrx_word' id='word_1_611' title='bbox 1075 2941 1128 2973; x_wconf 90' lang='lat' dir='ltr'>ep.</span> <span class='ocrx_word' id='word_1_612' title='bbox 1144 2934 1195 2970; x_wconf 82' lang='grc'>25,</span> <span class='ocrx_word' id='word_1_613' title='bbox 1213 2931 1251 2963; x_wconf 84' lang='lat' dir='ltr'>de</span> <span class='ocrx_word' id='word_1_614' title='bbox 1264 2941 1347 2968; x_wconf 82' lang='lat' dir='ltr'>cur.;</span> <span class='ocrx_word' id='word_1_615' title='bbox 1363 2930 1544 2971; x_wconf 68' lang='lat' dir='ltr'>Raynaldi,</span> <span class='ocrx_word' id='word_1_616' title='bbox 1558 2939 1606 2970; x_wconf 90' lang='lat' dir='ltr'>op.</span> <span class='ocrx_word' id='word_1_617' title='bbox 1623 2930 1673 2960; x_wconf 84' lang='lat' dir='ltr'>cit.</span> <span class='ocrx_word' id='word_1_618' title='bbox 1690 2929 1733 2959; x_wconf 83' lang='lat' dir='ltr'>ad</span> <span class='ocrx_word' id='word_1_619' title='bbox 1745 2939 1857 2959; x_wconf 80' lang='lat' dir='ltr'>annum</span> <span class='ocrx_word' id='word_1_620' title='bbox 1875 2928 1992 2967; x_wconf 71' lang='lat'><strong>1321‚§</strong></span> <span class='ocrx_word' id='word_1_621' title='bbox 2009 2928 2064 2966; x_wconf 91' lang='lat' dir='ltr'>V.)</span> 
     </span>
    </p>
   </div>
   <div class='ocr_carea' id='block_1_18' title="bbox 679 3047 1876 3129">
    <p class='ocr_par' dir='ltr' id='par_1_28' title="bbox 679 3047 1876 3129">
     <span class='ocr_line' id='line_1_65' title="bbox 680 3047 1677 3084; baseline -0.008 -5"><span class='ocrx_word' id='word_1_622' title='bbox 680 3055 704 3079; x_wconf 91' lang='grc'>1.</span> <span class='ocrx_word' id='word_1_623' title='bbox 720 3053 754 3078; x_wconf 90' lang='lat' dir='ltr'>ln</span> <span class='ocrx_word' id='word_1_624' title='bbox 771 3052 900 3084; x_wconf 76' lang='lat' dir='ltr'>margIne</span> <span class='ocrx_word' id='word_1_625' title='bbox 915 3051 1022 3083; x_wconf 81' lang='lat' dir='ltr'>legitur</span> <span class='ocrx_word' id='word_1_626' title='bbox 1039 3056 1046 3077; x_wconf 90' lang='lat'><strong>:</strong></span> <span class='ocrx_word' id='word_1_627' title='bbox 1060 3060 1071 3074; x_wconf 69' lang='grc' dir='ltr'><strong><em>ι</em></strong></span> <span class='ocrx_word' id='word_1_628' title='bbox 1090 3050 1210 3076; x_wconf 82' lang='lat' dir='ltr'>Attende</span> <span class='ocrx_word' id='word_1_629' title='bbox 1227 3050 1289 3076; x_wconf 86' lang='lat' dir='ltr'>sine</span> <span class='ocrx_word' id='word_1_630' title='bbox 1309 3050 1392 3081; x_wconf 83' lang='lat' dir='ltr'>signo</span> <span class='ocrx_word' id='word_1_631' title='bbox 1408 3047 1639 3073; x_wconf 83' lang='lat' dir='ltr'>vicecancellarii</span> <span class='ocrx_word' id='word_1_632' title='bbox 1657 3056 1677 3070; x_wconf 83' lang='lat'>».</span> 
     </span>
     <span class='ocr_line' id='line_1_66' title="bbox 679 3090 1876 3129; baseline -0.007 -6"><span class='ocrx_word' id='word_1_633' title='bbox 679 3099 704 3123; x_wconf 80' lang='lat'>2.</span> <span class='ocrx_word' id='word_1_634' title='bbox 720 3098 754 3123; x_wconf 90' lang='lat' dir='ltr'>In</span> <span class='ocrx_word' id='word_1_635' title='bbox 768 3096 897 3129; x_wconf 75' lang='lat' dir='ltr'>margine</span> <span class='ocrx_word' id='word_1_636' title='bbox 913 3096 1103 3128; x_wconf 80' lang='lat' dir='ltr'>registrorum</span> <span class='ocrx_word' id='word_1_637' title='bbox 1118 3095 1224 3127; x_wconf 81' lang='lat' dir='ltr'>legitur</span> <span class='ocrx_word' id='word_1_638' title='bbox 1243 3101 1249 3119; x_wconf 90' lang='lat'>:</span> <span class='ocrx_word' id='word_1_639' title='bbox 1265 3103 1275 3118; x_wconf 79' lang='grc' dir='ltr'>ι</span> <span class='ocrx_word' id='word_1_640' title='bbox 1294 3093 1414 3119; x_wconf 75' lang='lat' dir='ltr'>Attende</span> <span class='ocrx_word' id='word_1_641' title='bbox 1428 3093 1490 3117; x_wconf 87' lang='lat' dir='ltr'>sine</span> <span class='ocrx_word' id='word_1_642' title='bbox 1507 3092 1588 3123; x_wconf 81' lang='lat' dir='ltr'>signo</span> <span class='ocrx_word' id='word_1_643' title='bbox 1603 3090 1834 3116; x_wconf 76' lang='lat' dir='ltr'>vicecancellarii</span> <span class='ocrx_word' id='word_1_644' title='bbox 1856 3099 1876 3115; x_wconf 75' lang='grc' dir='ltr'><strong>ι.</strong></span> 
     </span>
    </p>
   </div>
  </div>
 </body>
</html>
