2592 3528
363 342 423 372 272

395 429 498 456 Datum
517 420 698 456 Avenione.

435 633 472 662 18
486 634 554 661 maii
571 633 658 661 1323.

437 680 488 714 (xv
506 677 563 706 kal.
579 677 655 714 jun.)

443 724 474 751 T.
495 723 552 757 XX,
567 723 648 750 XXII.

505 1004 540 1032 Ut
557 1013 581 1031 s.

506 1163 542 1191 Ut
560 1171 584 1191 s.

492 1208 522 1235 T.
542 1208 597 1235 XX.

503 1411 539 1456 Ut
558 1437 582 1457 s.

448 1473 478 1500 T.
496 1473 542 1508 xl,
559 1474 630 1501 xm.

498 1589 534 1616 Ut
554 1597 577 1616 s.

414 1655 416 1657 ,
447 1633 478 1660 Τ.
494 1633 540 1668 XI,
558 1634 630 1661 XIII.

501 1853 537 1881 Ut
551 1861 574 1881 s,

453 1898 482 1925 T.
503 1898 619 1925 XXXVI.

425 2013 462 2040 19
476 2014 544 2040 maii
561 2013 648 2041 1323.

418 2059 483 2091 (xiv
501 2058 561 2084 kal.
578 2057 654 2094 jun.)

385 2100 416 2127 T.
434 2100 538 2135 LXXX,
555 2101 684 2128 LXXXII.

496 2278 532 2305 Ut
548 2286 571 2305 s.

382 2321 427 2349 Gr.
449 2329 500 2357 pro
515 2330 591 2357 pers.
608 2323 685 2350 card.

496 2544 532 2572 Ut
549 2553 572 2572 s.

451 2588 481 2615 T.
500 2588 533 2623 X,
553 2589 611 2617 XII.

454 2749 484 2776 r.
502 2749 535 2784 x,
552 2726 611 2777 ἐι).

418 2863 460 2891 20
472 2864 541 2891 maii
557 2863 646 2892 1323.

418 2911 486 2943 (xm
498 2909 558 2937 kal.
570 2909 647 2946 jun.)

764 333 939 366 JOANNIS
962 332 1082 364 PAPAE
1102 332 1206 364 XXII.
1230 331 1481 371 (1316-1884).
1496 351 1534 357 —
1557 332 1744 363 LITTERAE
1767 331 1993 363 COMMUNES

789 543 828 549 -
845 526 873 557 1.
893 534 922 557 e.
938 534 984 556 m.
1001 525 1108 565 priori
1125 533 1152 556 s.
1169 525 1302 557 Nicolai
1322 524 1406 556 foris
1425 525 1558 564 portam
1574 523 1814 559 Interamnen.‚
1838 524 1872 554 et
1885 523 2028 556 Nicolao
2043 523 2084 556 de
2099 523 2260 562 ceccano,
2277 525 2397 558 Belva·

790 588 875 614 cen„
893 588 930 610 ac
945 578 1077 610 Simoni
1089 578 1243 615 Joannis‚
1257 578 1484 609 Interamnen.
1503 585 1575 608 can.
1593 576 1673 607 eccl.
1692 576 1745 616 (A.
1765 577 1814 613 18,
1834 575 1857 607 f.
1875 578 1934 616 541
1951 581 1981 613 ⁸3
2002 576 2036 608 V.
2053 579 2105 615 ⁷4,
2117 585 2171 618 ep.
2189 578 2274 616 858.)

836 629 972 662 17330.
990 649 1029 654 ——
1045 631 1240 663 Translatio
1255 630 1352 661 Helia.-
1371 629 1561 671 Talayrandi
1577 628 1614 660 de
1630 629 1781 660 Bironnio
1797 629 1839 661 ab
1858 629 1939 661 eccl.
1958 629 2142 666 Tutellon.,
2162 630 2201 663 Ο.
2221 631 2255 664 S.
2275 631 2328 670 Β.,
2353 631 2395 663 ad

789 685 869 717 6661.
889 684 1071 722 Sarlaten„
1090 684 1198 724 ejusd.
1217 684 1276 715 ord
1292 706 1301 720 ,
1320 683 1383 714 sub
1399 691 1494 723 exsp.
1514 682 1686 722 prioratus
1701 682 1743 714 de
1757 681 1916 714 vallibus
1932 682 2014 715 dicti
2029 683 2116 721 ord..
2139 684 2316 724 Agennen.
2333 684 2394 722 di.,

788 739 885 770 dictae
898 738 1063 770 Sarlaten.
1081 737 1162 769 eccl.
1180 736 1375 768 immediate
1393 735 1546 775 subjecti,
1564 736 1597 767 et
1610 743 1671 775 per
1687 735 1935 767 assecutionem
1951 735 1993 768 ab
2007 736 2159 776 Esquivo
2175 737 2217 769 de
2231 737 2395 770 Birounio

788 791 978 823 faciendam
994 791 1035 822 de
1052 791 1203 830 prioratu
1221 791 1386 826 Danessa‚
1403 788 1622 828 praefatorum
1640 788 1712 820 ord.
1729 790 1762 820 et
1776 788 1835 824 di.,
1852 788 1919 829 ipsi
1933 797 1995 829 per
2007 789 2207 822 Pontificem
2222 790 2346 823 collato
2359 789 2395 822 iri

788 844 884 876 brevi
901 844 1064 875 vacaturi.
1080 861 1119 867 -
1132 844 1157 875 Ι.
1177 852 1206 874 e.
1224 851 1270 874 m.
1291 842 1367 874 abb.
1387 843 1532 873 monast.
1550 841 1592 873 de
1613 841 1778 879 cadunio,
1791 841 1957 873 Sarlaten.
1970 841 2032 880 di.,
2047 843 2082 883 et
2096 842 2225 875 archid.
2243 843 2285 875 de
2303 843 2395 876 ultra

787 897 996 929 Dordoniam
1014 896 1280 937 Petragoricen.‚
1297 903 1336 927 ac
1350 895 1501 927 Arnaldo
1517 895 1559 925 de
1572 894 1726 933 Petrilia,
1741 903 1815 926 can.
1833 895 2002 927 Turonen.
2015 895 2097 927 6661.
2113 895 2167 937 (Α.
2185 897 2236 936 19,
2252 896 2275 927 f.
2293 898 2352 929 uo
2362 896 2392 933 ὓς

792 951 827 982 V.
842 953 892 988 74,
910 959 963 990 ep.
981 951 1066 988 980.)

832 1001 968 1034 17331.
986 1021 1024 1025 —
1046 1003 1222 1035 Indultum
1255 1001 1388 1032 Waltero
1410 1000 1568 1042 archiep.o
1592 999 1795 1032 Cancuarien.
1823 1003 1861 1032 ut
1890 1001 2002 1042 ipsius
2026 1002 2202 1034 confessor
2225 1003 2332 1035 semel
2357 1003 2393 1035 in

786 1057 908 1088 mortis
925 1057 1075 1097 periculo
1091 1056 1201 1096 possit
1217 1056 1247 1086 ei
1266 1055 1419 1086 omnium
1432 1055 1647 1094 peccatorum
1660 1054 1797 1095 plenam
1811 1054 2050 1087 remissionem
2063 1055 2262 1096 concedere.»
2272 1056 2326 1095 (A.
2340 1057 2391 1093 19,

786 1110 809 1142 f.
828 1111 887 1142 109
900 1110 930 1147 ¹³;
952 1110 989 1141 V.
1004 1111 1055 1147 75,
1074 1118 1126 1149 ep.
1146 1108 1253 1148 1056.)

831 1160 967 1193 17332.
987 1182 1025 1187 —
1044 1162 1174 1194 Arc-hid.
1188 1161 1414 1201 Nortkampton
1424 1160 1629 1198 Lincolm'en„
1646 1166 1674 1192 el
1689 1161 1806 1193 ιῙοαηηὶ
1821 1161 1858 1192 de
1872 1161 2004 1200 Brutoru,
2026 1161 2163 1200 Wellen.,
2178 1171 2215 1193 ae
2227 1161 2392 1194 Benedicta

785 1216 822 1247 de
835 1216 980 1254 Pastone,
998 1216 1154 1247 Eaeonien.
1172 1225 1240 1246 can.
1263 1213 1347 1250 eccl„
1369 1214 1482 1246 mand.
1500 1215 1537 1246 ut
1551 1214 1727 1246 conferant
1741 1214 1877 1254 paroch.
1898 1215 1979 1247 eccl.
2003 1215 2044 1246 de
2063 1215 2224 1252 Knolton,
2247 1215 2391 1248 Cantua-

784 1270 869 1301 rien.
899 1270 959 1306 di.,
987 1270 1023 1308 (x
1048 1269 1175 1300 march.
1206 1268 1374 1308 sterling.)
1406 1276 1467 1308 per
1496 1267 1734 1300 dimissionem
1758 1276 1778 1299 a
1797 1268 1955 1300 Waltero
1979 1269 2021 1300 de
2046 1268 2235 1301 Londoniis
2259 1269 2392 1302 ratione

784 1323 1039 1354 constitutionis
1054 1331 1157 1362 super
1173 1322 1369 1362 pluralitate
1391 1321 1502 1352 benef.
1525 1321 1654 1352 dudum
1675 1321 1774 1353 edItae
1797 1321 1922 1353 factam
1938 1330 2024 1359 vac„
2039 1322 2163 1354 ‚Ioanni
2180 1322 2222 1354 de
2237 1322 2390 1363 Lagrene

784 1376 824 1407 de
841 1376 1033 1412 XVrotham,
1053 1376 1134 1407 cler.
1148 1375 1330 1406 Norvicen.
1349 1374 1395 1406 di.
1413 1374 1468 1414 (A.
1485 1375 1534 1411 19,
1552 1373 1575 1405 f.
1594 1376 1652 1406 163
1670 1379 1699 1411 ⁸5
1721 1374 1758 1405 V.
1776 1376 1826 1412 75,
1844 1383 1896 1414 ep.
1916 1375 2018 1414 1075.)

830 1426 966 1459 17333.
987 1447 1025 1452 -
1043 1428 1165 1460 Collat.
1179 1436 1298 1459 canon.
1315 1427 1379 1458 sub
1392 1435 1489 1467 exsp.
1506 1426 1623 1467 praeb.,
1641 1436 1679 1459 ac
1694 1427 1799 1468 dign„
1816 1436 1876 1459 seu
1893 1430 2097 1467 personatus
2109 1428 2164 1460 vel
2178 1428 2234 1460 off.
2246 1437 2274 1460 6.
2291 1437 2320 1460 6.
2334 1428 2391 1460 vel

784 1491 811 1513 s.
829 1491 856 1513 6.
877 1482 957 1514 eccl.
976 1482 1164 1514 Virdunen.
1182 1481 1313 1512 Perrino
1328 1480 1396 1521 filio
1411 1480 1526 1521 quomi-
1543 1480 1674 1512 Joannis
1696 1480 1878 1512 Bertrandi.
1895 1498 1935 1504 —
1949 1481 1976 1512 Ι.
1993 1489 2023 1513 e.
2041 1490 2087 1512 m.
2104 1490 2210 1522 praep.
2226 1482 2261 1514 S.
2276 1481 2392 1514 Salva·

784 1535 879 1572 toris,
898 1537 930 1567 et
948 1535 1087 1572 archid„
1107 1544 1144 1566 ac
1160 1535 1289 1566 cantori
1305 1534 1444 1574 Majoris
1461 1534 1586 1566 Meten.
1604 1534 1685 1566 eccl.
1703 1534 1756 1575 (A.
1775 1536 1825 1571 19,
1840 1534 1862 1566 f.
1883 1536 1922 1566 74
1937 1534 1971 1571 b,
1993 1534 2026 1566 V.
2043 1536 2095 1572 75,
2108 1543 2163 1575 ep.
2182 1535 2291 1575 1165.)

829 1586 965 1618 17334.
983 1606 1022 1610 -
1041 1588 1201 1628 Badulplzo
1224 1587 1251 1618 Ie
1275 1587 1429 1625 Cavalier,
1447 1587 1561 1628 presb.
1586 1587 1830 1627 Rothomagen.
1849 1587 1909 1625 di.,
1931 1587 2040 1628 gratia
2055 1596 2151 1628 exsp.
2167 1587 2279 1620 benef.
2296 1589 2338 1628 (6.
2359 1597 2387 1620 6.

784 1643 843 1673 100
865 1642 919 1673 vel
941 1650 968 1673 s.
986 1651 1015 1673 6.
1030 1642 1108 1673 601.
1125 1641 1177 1681 t.),
1199 1641 1241 1672 ad
1263 1641 1340 1672 abb.
1357 1641 1390 1672 et
1407 1649 1502 1672 conv.
1522 1641 1669 1672 monast.
1687 1640 1879 1678 Fiscanen.‚
1895 1641 1934 1672 O.
1953 1641 1986 1672 S.
2002 1641 2056 1679 Β.,
2073 1641 2171 1672 dietae
2192 1641 2253 1679 di.,
2273 1641 2387 1674 collat.

783 1695 908 1734 pertin.
923 1704 932 1732 ;
951 1695 1087 1734 paroch.
1111 1696 1225 1726 autem
1242 1694 1323 1725 6661.
1341 1693 1382 1725 (16
1407 1693 1519 1731 Senis,
1541 1693 1639 1725 dictae
1651 1693 1711 1731 di.,
1729 1694 1783 1734 (20
1799 1693 1821 1725 1.
1841 1694 1891 1732 t.),
1915 1693 2077 1726 dimittat.
2094 1712 2132 1718 -
2151 1694 2178 1725 Ι.
2195 1703 2225 1726 6.
2245 1703 2292 1726 m.
2309 1693 2386 1726 abb.

783 1749 928 1779 monast.
946 1757 974 1778 s.
992 1747 1147 1779 Audoeni
1162 1747 1421 1787 Rothomagen„
1434 1747 1467 1778 et
1483 1747 1675 1778 succentori
1691 1746 1873 1785 Parisien.,
1888 1755 1926 1778 66
1942 1755 2030 1787 mag.
2047 1747 2175 1780 Jacobo
2187 1748 2229 1779 de
2245 1747 2388 1784 Mutina,

783 1810 856 1832 can.
872 1801 1088 1832 Cameracen.
1108 1801 1200 1837 6661.,
1219 1800 1321 1839 Papae
1336 1808 1408 1839 cap.
1429 1799 1481 1839 (A.
1502 1801 1551 1838 21,
1570 1799 1592 1831 f.
1606 1800 1647 1832 99
1661 1805 1694 1836 ’ς
1717 1799 1753 1831 V.
1772 1801 1821 1836 77,
1843 1809 1896 1839 ep.
1911 1801 2016 1839 1310.)

830 1851 965 1884 17335.
983 1873 1021 1878 -
1048 1854 1181 1885 Waltero
1197 1853 1354 1894 archiep.o
1370 1853 1571 1885 Cancuarien.
1588 1853 1689 1884 facul.
1706 1853 1911 1884 concedendi
1926 1853 2170 1885 tabellionatus
2185 1854 2240 1885 off.
2257 1863 2292 1885 iv
2305 1853 2385 1886 cler.

781 1916 848 1938 non
866 1907 1054 1948 conjugatis
1070 1907 1137 1947 ipsi
1153 1906 1336 1944 benevisis‚
1357 1915 1401 1938 ex
1414 1915 1453 1938 eo
1465 1907 1555 1946 quod
1572 1905 1827 1944 tabellionibus,
1845 1906 2017 1945 imperiali
2030 1908 2118 1939 auct.
2134 1907 2271 1944 creatis,
2286 1907 2388 1939 inter-

781 1961 907 1992 dictum
924 1961 1038 1992 extitit
1061 1961 1096 1991 in
1115 1969 1218 2000 regno
1234 1960 1365 2000 Angliae
1383 1960 1437 1991 sui
1455 1960 1510 1991 off.
1531 1959 1744 1991 exercitium.
1771 1959 1822 1997 (Α.
1845 1961 1894 1997 18,
1916 1959 1939 1990 f.
1959 1960 2019 1991 303
2033 1965 2066 1997 ⁸3
2087 1959 2123 1991 V.
2139 1961 2190 1998 75,
2212 1969 2266 2001 ep.
2282 1961 2388 2002 1741.)

827 2011 964 2044 17336.
982 2032 1020 2036 -
1041 2013 1232 2044 Bertrandus
1257 2013 1351 2053 prior
1375 2013 1548 2052 prioratus
1575 2021 1604 2044 s.
1628 2012 1767 2044 Martini
1794 2013 1835 2044 de
1857 2013 1997 2053 Campis
2021 2013 2205 2053 Parisien.,
2233 2013 2385 2046 Cluniae.

782 2067 868 2105 ord.,
887 2067 1046 2106 idemque
1064 2067 1249 2106 prioratus,
1266 2075 1375 2102 conv„
1392 2065 1558 2103 membra,
1574 2065 1663 2097 bona
1681 2067 1714 2097 et
1729 2074 1882 2105 personae
1899 2066 2011 2106 ipsius
2027 2066 2240 2107 recipiuntur
2257 2067 2294 2099 in
2310 2066 2388 2099 sub-

775 2120 922 2160 Jectione
939 2120 978 2152 E.
997 2120 1052 2157 R„
1069 2120 1102 2151 et
1117 2119 1314 2151 eximuntur
1330 2128 1350 2150 a
1359 2119 1600 2159 jurisdictione
1615 2118 1691 2150 abb.
1711 2127 1750 2150 ac
1764 2127 1860 2150 conv.
1875 2120 2020 2151 monast.
2038 2119 2248 2158 cluniacen„
2266 2120 2387 2153 Matis-

779 2181 896 2205 conen.
915 2173 974 2209 di.,
991 2173 1154 2213 quamdiu
1171 2172 1297 2204 vixerit
1314 2172 1387 2212 ipse
1402 2172 1507 2212 prior.
1530 2189 1568 2194 —
1589 2172 1617 2204 I.
1636 2181 1665 2204 6.
1684 2181 1729 2203 m.
1752 2172 1934 2210 Parisien.,
1953 2173 2129 2205 caturcen.
2157 2175 2190 2205 61
2206 2174 2387 2206 Carcasso-

778 2235 855 2258 nen.
875 2226 975 2266 ep.is.
993 2226 1044 2264 (A.
1065 2227 1115 2263 18,
1133 2226 1156 2256 f.
1173 2227 1232 2257 515
1248 2225 1277 2262 b,
1301 2225 1333 2257 V.
1354 2227 1404 2261 74,
1422 2234 1474 2265 ep.
1494 2226 1579 2266 757.)

824 2276 960 2309 17337.
977 2297 1016 2302 -
1035 2279 1212 2310 Bertrando
1226 2289 1250 2310 s.
1273 2278 1383 2310 Vitatis
1394 2278 1496 2319 presb.
1513 2278 1597 2310 card.
1612 2278 1700 2310 conf.
1714 2279 1886 2319 prioratus
1905 2287 1933 2310 s.
1948 2279 2114 2318 Amantii‚
2131 2279 2283 2312 Cluniac.
2298 2280 2384 2318 ord..

777 2332 979 2364 Tricastrin.
998 2332 1058 2370 di.,
1076 2334 1220 2363 monast.
1243 2331 1439 2364 Cluniacen.
1465 2331 1661 2364 immediate
1678 2331 1852 2372 subjectus
1877 2333 1910 2364 et
1933 2341 2006 2364 vac.
2028 2340 2088 2373 per
2113 2332 2195 2364 obit.
2214 2337 2268 2374 ap.
2291 2334 2326 2367 S.
2342 2335 2384 2367 A.

778 2386 963 2417 Raimundi
985 2386 1132 2425 Begonis
1143 2396 1152 2423 3
1177 2394 1245 2416 non
1263 2385 1350 2417 obst.
1369 2394 1398 2416 s.
1414 2385 1538 2426 Angeli
1556 2385 1598 2417 de
1614 2385 1761 2423 Formis,
1780 2385 1931 2425 Capuan.
1953 2385 2013 2424 di.,
2029 2387 2064 2418 et
2082 2378 2111 2418 s.
2127 2387 2302 2419 Benedicti
2324 2387 2387 2420 Ca·

777 2447 878 2478 puan.
897 2438 1144 2478 praeposituris,
1164 2447 1201 2469 ac
1215 2438 1367 2478 prioratu
1383 2438 1424 2470 de
1437 2438 1563 2474 Ysena‚
1578 2438 1617 2470 O.
1634 2438 1667 2470 S.
1681 2439 1732 2476 Β.,
1750 2438 1941 2470 Ruthenen.
1956 2438 2002 2469 di.
2014 2456 2055 2462 —
2066 2439 2094 2471 Ι.
2111 2447 2197 2472 e-m.
2214 2439 2385 2481 archiep-o

777 2491 965 2528 Arelatem,
975 2493 1008 2523 et
1021 2500 1097 2531 ep.0
1107 2491 1323 2529 Tricastrin.‚
1335 2500 1372 2522 ac
1381 2500 1484 2531 praep.
1497 2491 1577 2523 6661.
1594 2491 1804 2523 Avenionen.
1819 2491 1874 2532 (A.
1890 2493 1942 2529 18,
1958 2491 1983 2524 f.
1995 2491 2098 2528 579123
2117 2491 2151 2523 V.
2167 2494 2216 2531 74,
2231 2501 2285 2533 ep.
2297 2493 2386 2533 878.)

824 2541 959 2574 17338.
981 2562 1018 2567 -
1036 2544 1156 2575 Collat.
1177 2553 1294 2576 canon.
1309 2544 1373 2575 sub
1387 2553 1484 2584 exsp.
1502 2544 1606 2584 praeb.
1625 2544 1707 2576 eccl.
1721 2544 1924 2576 Ambianen.
1941 2544 2036 2575 Petro
2049 2544 2171 2575 θαι-εἰη.
2183 2564 2223 2569 -
2238 2546 2266 2577 Ι.
2285 2555 2316 2578 6.
2335 2555 2382 2578 m.

777 2605 805 2628 s.
824 2597 963 2628 Martini
990 2597 1031 2629 de
1054 2597 1218 2629 Gemellis
1245 2597 1448 2629 Ambianen.
1473 2599 1507 2629 et
1535 2606 1563 2629 S.
1591 2597 1772 2630 Genovefae
1797 2598 1944 2629 monast.
1970 2597 2060 2636 abb.,
2085 2606 2124 2630 ac
2148 2598 2274 2632 decano
2299 2599 2382 2632 6661.

776 2650 944 2681 Parisien.
966 2651 1018 2688 (A.
1038 2652 1087 2687 19,
1104 2650 1127 2682 f.
1146 2652 1203 2682 197
1218 2650 1250 2686 ¹²3
1272 2650 1308 2682 V.
1329 2652 1378 2687 75,
1395 2659 1448 2690 ep.
1466 2651 1570 2691 1207.)

823 2700 959 2732 17339.
978 2720 1016 2725 -
1032 2703 1149 2733 loanni
1162 2702 1199 2733 de
1217 2702 1407 2734 Bellovidere
1421 2702 1535 2734 collat.
1552 2711 1670 2735 canon.
1689 2703 1771 2735 6661.
1790 2712 1817 2735 s.
1837 2704 2038 2743 Audomari,
2057 2705 2223 2738 Morinen.
2241 2706 2301 2744 di.,
2317 2707 2382 2739 sub

775 2764 872 2796 exsp.
890 2755 993 2796 praeb.
1009 2774 1048 2780 —
1064 2756 1091 2787 1.
1108 2765 1137 2787 e.
1154 2764 1198 2787 m.
1212 2755 1287 2787 abb.
1303 2757 1447 2788 monast.
1461 2764 1489 2787 s.
1504 2756 1696 2792 Genovefae‚
1708 2765 1746 2788 ac
1759 2757 1866 2797 priori
1879 2766 1907 2789 s.
1923 2758 2027 2799 Eligii
2041 2759 2223 2797 Parisien.,
2238 2768 2275 2792 66
2289 2756 2382 2793 Guil-

774 2809 878 2841 lelmo
896 2809 937 2841 de
954 2809 1124 2848 Molhano,
1140 2818 1212 2841 can.
1230 2809 1396 2841 Morinen.
1417 2809 1498 2841 eccl.
1517 2810 1569 2848 (Α.
1589 2811 1638 2847 19,
1654 2809 1678 2841 f.
1694 2811 1754 2842 302
1771 2815 1802 2848 ις
1824 2810 1857 2841 V.
1876 2813 1927 2847 75,
1945 2819 1997 2851 ep.
2019 2811 2124 2853 1220.)

821 2860 956 2893 17310.
980 2880 1017 2886 -
1033 2862 1117 2903 May.
1135 2862 1277 2894 Arnaldo
1297 2862 1387 2903 Reqis
1406 2862 1521 2894 collat.
1545 2871 1677 2901 canon„
1696 2863 1801 2904 praeb.
1818 2866 1852 2896 et
1867 2865 2048 2897 archidiac.
2066 2874 2094 2897 c.
2118 2874 2146 2898 c.
2165 2866 2246 2898 eccl.
2264 2866 2381 2899 Came-

774 2925 898 2955 racen.,
916 2925 988 2947 vac.
1005 2924 1066 2955 per
1082 2915 1165 2948 obit.
1181 2916 1271 2956 apud
1287 2916 1321 2948 S.
1343 2916 1382 2947 A.
1402 2916 1553 2948 Simonis
1570 2925 1597 2947 s.
1618 2917 1745 2949 Priscae
1764 2917 1876 2957 presb.
1897 2918 1976 2949 card
1989 2928 2000 2955 ;
2022 2927 2090 2950 non
2105 2918 2191 2951 obst.
2210 2928 2329 2951 canon.
2347 2921 2382 2952 et

773 2969 877 3009 praeb.
894 2969 974 3001 eccl.
991 2969 1136 3001 Melden.
1150 2979 1160 3006 3
1176 2969 1256 3001 eccl.
1275 2978 1355 3001 vero
1371 2977 1400 3001 s.
1419 2969 1558 3001 Martini
1576 2970 1617 3001 de
1632 2970 1806 3002 Rocaforti
1825 2979 1854 3002 6.
1871 2979 1914 3009 6.,
1933 2972 1967 3003 et
1982 2971 2190 3012 archipresb.
2210 2972 2380 3005 Corbariae

773 3022 947 3055 inferioris
964 3022 1031 3054 sibi
1047 3023 1193 3061 unitum,
1214 3022 1409 3055 Narbonen.
1435 3023 1495 3058 di.,
1512 3023 1674 3055 dimittat.
1699 3041 1736 3046 —
1753 3024 1780 3056 Ι.
1798 3032 1828 3056 e.
1845 3033 1890 3056 m.
1909 3024 1951 3056 de
1967 3024 2200 3066 Cantimprato
2217 3027 2250 3058 et
2276 3035 2304 3057 s.
2322 3026 2380 3059 Se-
