2592 3528
237 448 342 476 Datum
359 440 544 476 Avenione.

223 654 244 683 3
259 658 289 691 (v
302 653 385 686 non.)
397 653 456 688 jul.
476 651 564 680 1322.

337 699 368 727 T.
385 697 446 726 ΧΠ.

241 1177 271 1205 r.
288 1177 337 1205 xv
353 1133 401 1213 ¹3³³,
414 1141 487 1204 {vn
506 1178 554 1209 ¹12·

225 1345 246 1373 4
261 1347 303 1381 (1v
316 1344 399 1381 non.)
407 1344 466 1379 jul.
481 1344 570 1372 1322.

345 1389 375 1417 Τ.
391 1389 448 1417 XX.

359 1715 396 1743 Ut
416 1723 440 1743 s.

324 1760 354 1788 T.
371 1760 404 1794 X,
420 1759 478 1787 ΧΠ.

365 1929 402 1957 Ut
417 1937 441 1957 s.

323 1974 355 2001 Τ.
374 1974 407 2006 Χ,
423 1973 481 2001 XII.

368 2141 404 2169 Ut
424 2149 448 2169 a.

351 2186 381 2213 T.
399 2185 454 2213 XL.

367 2459 404 2487 Ut
423 2467 447 2487 s.

355 2504 385 2531 T.
401 2503 459 2531 XX.

369 2671 406 2699 Ut
423 2679 447 2699 s.

355 2714 386 2742 T.
407 2714 466 2742 ΧΠ.

375 2883 411 2911 Ut
431 2891 455 2910 s.

359 2926 390 2954 T.
410 2927 468 2955 ΧΠ.

601 351 774 384 JOANNIS
797 350 916 381 PAPAE
938 350 1041 382 XXII.
1065 351 1313 390 (1816-1334).
1327 368 1375 389 .-
1397 350 1583 382 LITTERAE
1606 352 1830 383 COMMUNES
2173 356 2230 387 123

633 545 806 584 percipere
822 543 967 574 valeant.
981 560 1021 565 —
1035 543 1062 574 Ι.
1079 551 1109 574 e.
1124 551 1169 574 1n.
1186 542 1354 573 Parisien.
1372 543 1405 573 et
1416 542 1593 574 Belvacen.
1608 543 1706 582 ep.is‚
1724 552 1761 574 ac
1776 543 1852 574 abb.
1871 546 2013 576 monast.
2032 554 2059 575 s.
2073 546 2232 586 Dionysii

635 600 668 628 in
684 596 838 634 Francia,
869 595 1038 627 Parisien.
1055 596 1100 627 di.
1120 595 1172 635 (A.
1190 596 1240 633 17,
1260 595 1283 626 f.
1302 597 1358 627 137
1376 595 1405 631 ὓς
1428 594 1463 626 V.
1484 597 1533 630 73,
1552 604 1604 635 ep.
1618 597 1703 634 876.)

681 646 816 679 15734.
835 667 874 673 -
889 649 1026 688 Praefato
1041 649 1108 689 reqi
1125 657 1218 680 conc.
1241 650 1277 680 ut
1295 648 1520 687 eleemosynae
1547 657 1631 688 quas
1652 649 1725 688 ipse
1747 649 1825 680 facit
1844 651 1876 681 et
1898 650 2010 687 faciet,
2026 651 2145 682 cedant
2160 651 2234 683 loco

635 703 863 736 restitutionis
879 702 1046 734 bonorum
1073 702 1233 733 saciendae
1261 701 1404 732 forsitan
1427 701 1470 732 iis
1501 710 1645 741 quorum
1676 704 1766 732 sunt.
1795 702 1849 742 (A.
1869 703 1917 740 17,
1944 702 1968 734 f.
1993 704 2051 734 138
2069 709 2099 739 ³;
2122 703 2159 735 V.
2182 705 2232 742 ¹13,

635 765 687 797 ep.
707 757 785 793 8775
802 755 932 794 Tardis,
949 765 1000 796 op.
1017 755 1083 790 εῖτ..
1100 763 1133 794 Ρ.
1151 754 1235 792 159.)

683 806 819 840 15735.
836 825 874 831 -
892 807 1005 839 Eidem
1026 808 1154 848 indulg.
1174 809 1211 839 ut
1227 798 1371 839 monast.
1392 807 1592 838 monialium
1618 807 1861 848 cujuscumque
1888 808 1973 846 ord.,
1994 817 2070 840 cum
2087 818 2145 840 vm
2170 809 2232 840 fra-

636 862 748 895 tribus
766 863 803 894 P.
823 863 857 893 et
878 862 922 893 M.
947 862 984 894 Ο.
1013 870 1050 892 ac
1074 861 1214 892 honesta
1236 862 1268 892 et
1296 860 1427 892 decenti
1457 860 1632 891 hominum
1652 862 1684 892 et
1709 861 1893 892 mulierum
1913 862 2084 896 comitiva,
2105 862 2236 902 ingredi

637 916 826 956 valeat.(A.
845 917 894 953 17,
911 915 932 946 f.
953 916 1011 946 138
1026 914 1055 951 ¹³;
1078 914 1113 946 V.
1132 916 1182 952 73,
1196 922 1247 954 ep.
1265 915 1345 950 878;
1360 914 1535 950 '1‘ardif,ut
1546 924 1584 951 s.,
1602 923 1634 953 p.
1653 913 1736 953 159.)

685 966 820 998 15736.
841 986 879 991 -
895 967 972 998 Eid.
990 968 1153 1008 indulget.
1171 967 1213 998 ad
1234 967 1342 998 instar
1359 967 1545 998 Alexandri
1562 967 1628 998 ΡΡ.
1647 968 1692 998 IV
1716 968 1752 998 ut
1771 967 2005 1007 participando
2021 977 2097 999 cum
2116 968 2238 1008 majori

640 1021 990 1054 excommunicatione
1014 1021 1129 1061 ligatis
1139 1021 1282 1051 minoris
1298 1028 1428 1051 excom.
1445 1020 1566 1060 laqueo
1585 1028 1652 1051 non
1665 1020 1801 1060 ligetur.
1819 1020 1872 1059 (A.
1891 1022 1939 1055 17,
1959 1020 1980 1052 f.
2000 1022 2058 1052 138
2073 1020 2106 1057 b;
2134 1020 2168 1052 V.
2187 1023 2236 1058 73,

640 1084 692 1116 ep.
708 1075 795 1115 879.)

686 1125 823 1158 15737.
843 1146 879 1151 -
894 1127 970 1159 Eid.
990 1127 1056 1169 reqi
1073 1135 1166 1158 conc.
1184 1127 1320 1163 indult.,
1338 1126 1381 1157 ad
1397 1127 1504 1157 instar
1520 1126 1706 1157 Alexandri
1723 1127 1789 1158 ΡΡ.
1816 1127 1862 1158 IV
1878 1128 1911 1158 et
1935 1127 2074 1158 Martini
2092 1128 2160 1158 ΡΡ.
2176 1127 2237 1165 IV,

640 1183 677 1214 ut
695 1181 774 1213 cler.
792 1181 903 1221 ipsius
920 1181 1094 1221 obsequiis
1115 1180 1325 1216 insistentes,
1353 1181 1386 1211 et
1410 1179 1468 1220 qui
1495 1180 1655 1211 insistent
1684 1180 1718 1210 in
1743 1180 1909 1217 futurum,
1931 1180 2063 1212 fructus
2086 1180 2239 1212 omnium

639 1234 752 1266 benef.
770 1234 899 1274 absque
914 1234 1098 1266 residentia
1114 1233 1287 1273 percipere
1299 1233 1444 1264 valeant.
1459 1251 1496 1256 -—-
1513 1233 1541 1264 Ι.
1557 1241 1586 1263 e.
1604 1241 1648 1263 m.
1665 1233 1834 1264 Parisien.
1848 1235 1880 1264 et
1892 1233 2070 1265 Belvacen.
2088 1234 2186 1274 ep.iS,
2202 1241 2240 1265 ac

641 1287 718 1319 abb.
743 1289 888 1319 monast.
909 1296 937 1318 s.
955 1287 1117 1327 Dionysii
1134 1287 1167 1317 in
1184 1287 1340 1324 Francia,
1357 1286 1524 1318 Parisien.
1542 1286 1589 1317 di.
1607 1287 1662 1326 (A.
1681 1289 1729 1324 17,
1748 1286 1770 1317 f.
1786 1287 1844 1318 138
1861 1286 1890 1323 ¹³3
1913 1286 1949 1318 V.
1969 1288 2019 1323 73,
2034 1295 2086 1327 ep.
2102 1288 2187 1326 881.)

688 1338 824 1370 15738.
846 1358 886 1363 -
903 1340 996 1371 Petro
1017 1350 1042 1370 s.
1058 1340 1208 1370 Susannae
1219 1339 1320 1380 presb.
1339 1339 1423 1371 card.
1441 1339 1553 1370 mand.
1570 1340 1606 1370 ut
1621 1339 1762 1371 Nicolao
1784 1339 1825 1370 de
1844 1339 1967 1371 Chiure
1985 1348 2075 1371 mon.
2094 1341 2238 1371 monast.

642 1402 670 1425 s.
691 1394 844 1425 Medardi
863 1393 1080 1425 Suessionen.
1097 1393 1139 1424 ad
1154 1394 1196 1424 R.
1212 1393 1251 1424 E.
1272 1392 1365 1423 nullo
1384 1392 1496 1423 medio
1514 1392 1652 1431 pertin„
1669 1392 1708 1424 O.
1723 1393 1756 1424 S.
1771 1393 1823 1429 Β..
1841 1392 1992 1432 assignet
2011 1393 2241 1433 provisionem

643 1456 790 1478 annuam
815 1447 856 1478 de
881 1446 980 1478 bonis
1006 1446 1088 1477 dicti
1115 1447 1261 1477 monast.
1289 1446 1330 1476 ad
1355 1454 1509 1476 mensam
1532 1445 1607 1476 abb.
1636 1445 1880 1485 spectantibus,
1909 1455 1982 1486 quae
2007 1447 2049 1477 ad
2073 1454 2242 1477 summam

643 1500 760 1532 70001.
778 1501 802 1532 t.
817 1500 1021 1537 ascendunt;
1039 1499 1106 1539 ipsi
1122 1499 1226 1536 enim,
1244 1499 1302 1538 qui
1322 1498 1493 1529 abbatiam
1509 1498 1617 1538 ejusd.
1634 1500 1779 1530 monast.
1796 1500 1933 1539 propter
1950 1499 2095 1530 senilem
2108 1501 2241 1530 aetatem

643 1553 887 1594 resignaverat,
904 1553 1110 1590 Arthaudus,
1136 1552 1178 1583 ad
1194 1552 1302 1583 eamd.
1321 1551 1491 1583 abbatiam
1516 1554 1692 1591 promotus
1709 1553 1797 1583 auct.
1816 1554 1937 1592 apost„
1956 1552 2133 1592 assignare
2149 1553 2238 1584 nole·

642 1606 702 1638 bat
721 1607 788 1638 nisi
812 1607 886 1637 octo
909 1606 971 1637 sol.
991 1606 1152 1645 parisien.
1176 1605 1267 1636 ultra
1287 1605 1322 1636 id
1336 1605 1427 1645 quod
1444 1614 1533 1636 unus
1556 1605 1703 1644 simplex
1722 1605 1907 1636 monachus
1925 1605 2075 1645 recipere
2093 1606 2244 1646 qualibet

643 1659 852 1691 hebdomada
869 1659 1056 1691 consuevit.
1075 1659 1127 1698 (A.
1147 1661 1196 1696 17,
1210 1658 1232 1689 f.
1249 1660 1288 1690 86
1305 1658 1338 1694 b;
1363 1657 1396 1689 V.
1418 1660 1468 1694 73,
1485 1666 1537 1697 ep.
1557 1659 1642 1696 935.)

691 1710 828 1743 15739.
850 1730 883 1735 --
904 1711 1038 1744 Geraldo
1055 1711 1092 1742 de
1112 1711 1235 1752 Cluppo
1250 1711 1363 1743 collat.
1383 1711 1518 1751 paroch.
1538 1711 1618 1742 eccl.
1637 1712 1674 1742 B.
1692 1711 1737 1742 M.
1756 1711 1797 1742 de
1814 1711 1936 1747 Vilari,
1959 1711 2082 1751 Apten.
2107 1712 2167 1749 di.,
2183 1720 2242 1751 per

645 1766 727 1798 obit.
741 1766 901 1798 Fulconis
917 1765 958 1797 de
970 1765 1140 1797 Cabannis
1155 1765 1244 1804 apud
1256 1765 1288 1796 S.
1305 1765 1346 1796 A.
1358 1764 1484 1804 praevia
1497 1766 1660 1795 reservat.
1673 1773 1746 1795 vac.
1759 1773 1844 1801 3non
1861 1764 1949 1796 obst.
1962 1773 2079 1796 canon.
2092 1766 2125 1795 et
2139 1764 2243 1804 praeb.

645 1819 726 1851 eccl.
744 1819 855 1851 Vallis
871 1819 1048 1859 Moysinae,
1065 1818 1271 1858 Forojulien.
1289 1818 1335 1849 di.
1353 1834 1390 1839 —
1408 1818 1434 1848 Ι.
1451 1826 1480 1848 e.
1501 1826 1545 1848 m.
1564 1826 1639 1857 ep.0
1658 1817 1880 1857 Forojulien.,
1898 1819 1930 1849 et
1945 1826 2048 1857 praep.
2071 1826 2109 1849 ac
2123 1818 2245 1849 sacris-

645 1874 688 1904 1ae
705 1872 785 1904 eccl.
804 1872 1007 1904 Avinionen.
1023 1872 1077 1912 (A.
1095 1873 1144 1909 17,
1166 1871 1188 1901 f.
1204 1872 1243 1902 78
1253 1870 1282 1907 b,
1307 1870 1340 1901 V.
1357 1872 1407 1908 73,
1422 1879 1475 1910 ep.
1491 1870 1597 1909 1003.)

693 1923 828 1956 15740.
845 1943 884 1948 -
900 1925 983 1965 May.
1000 1924 1132 1956 Oliverio
1148 1924 1184 1955 de
1202 1924 1339 1961 Cer-zeto,
1355 1925 1455 1964 Papae
1470 1932 1556 1963 cap.,
1575 1924 1687 1955 collat.
1705 1923 1840 1963 paroch.
1856 1924 1937 1955 ecc-l.
1956 1923 1988 1954 b.
2006 1924 2050 1955 M.
2068 1925 2246 1956 Deauratae

648 1979 822 2016 Tolosam,
842 1987 902 2018 per
918 1978 998 2010 obit.
1016 1978 1212 2018 Raymundi
1234 1977 1380 2009 Bosonis
1400 1977 1488 2016 apud
1514 1976 1549 2008 S.
1573 1977 1614 2007 A.
1642 1977 1792 2008 defuncti
1818 1985 1888 2009 vac.
1909 1994 1947 2000 -
1961 1977 1988 2009 I.
2008 1986 2038 2008 e.
2058 1986 2103 2009 m.
2120 1978 2245 2009 decano

647 2032 894 2072 Engolismem,
919 2034 951 2063 et
977 2040 1080 2072 praep.
1109 2031 1282 2068 Tolosan„
1307 2039 1345 2061 ac
1374 2030 1499 2061 archid.
1523 2030 1700 2062 Caturcen.
1723 2030 1803 2061 eccl.
1829 2030 1882 2070 (A.
1904 2033 1952 2068 17,
1973 2030 1995 2061 f.
2012 2030 2116 2067 1691‘3
2144 2030 2173 2062 V.
2195 2032 2245 2068 73,

647 2093 701 2125 ep.
720 2086 822 2122 1010.)

696 2135 816 2168 15741
826 2159 833 2166 .
847 2155 885 2160 -
899 2137 1106 2169 Constitutio
1122 2136 1163 2167 ad
1175 2144 1268 2175 perp.
1287 2135 1335 2167 rei
1348 2135 1545 2166 memoriam
1559 2135 1675 2166 contra
1688 2135 1767 2166 illos
1781 2136 1839 2174 qui
1852 2135 2084 2168 dominiumet
2096 2136 2247 2176 regimen

649 2191 743 2222 civit.
757 2190 961 2227 Viterbien„
980 2190 1069 2221 infra
1083 2189 1332 2221 Patrimonium
1347 2188 1379 2219 b.
1394 2188 1487 2219 Petri
1511 2188 1546 2219 in
1562 2187 1685 2219 Tuscia
1710 2188 1913 2226 constitutae,
1931 2189 2028 2228 plene
2052 2189 2094 2220 ad
2111 2189 2247 2220 Pontifi-

650 2253 721 2276 cem
739 2245 772 2275 et
788 2245 829 2276 R.
848 2244 886 2275 E.
906 2243 1121 2283 pertinentis,
1150 2242 1216 2273 sibi
1238 2241 1410 2272 vindicare
1437 2243 1469 2272 et
1486 2249 1651 2280 usurpare
1674 2243 1848 2278 conantur,
1875 2250 1951 2272 cum
1974 2241 2175 2273 inhibitione
2189 2250 2248 2281 po-

650 2297 730 2338 pulo
744 2299 776 2328 et
790 2297 960 2328 communi
979 2296 1085 2336 ejusd.
1099 2295 1191 2327 civit.
1208 2304 1248 2326 ne
1264 2294 1507 2334 gubernatores
1521 2303 1582 2325 seu
1593 2294 1790 2325 defensores
1802 2294 1929 2334 eligant
1943 2294 1996 2325 vel
2009 2294 2049 2325 ab
2067 2295 2117 2326 eis
2131 2295 2248 2326 electis

652 2350 824 2388 obediant,
842 2350 915 2380 sine
933 2349 1127 2389 praejudicio
1143 2348 1248 2379 officii
1262 2348 1400 2379 illorum
1413 2347 1471 2387 qui
1483 2347 1640 2378 dicuntur
1654 2349 1727 2378 octo
1737 2347 1777 2378 de
1789 2347 1913 2386 populo
1930 2347 2118 2379 Viterbien.
2133 2349 2186 2386 (A.
2197 2350 2248 2385 17,

652 2404 675 2435 f.
693 2405 752 2434 172
767 2403 799 2440 b;
822 2402 857 2434 V.
875 2405 925 2440 73,
943 2411 995 2442 ep.
1015 2403 1092 2434 1033
1106 2411 1115 2440 ;
1131 2402 1290 2439 Theiner,
1309 2399 1413 2431 Codex
1431 2399 1655 2441 diplomaticus,
1674 2402 1697 2431 t.
1713 2401 1738 2437 Ι,
1755 2409 1787 2440 p.
1807 2402 1877 2438 513,
1895 2401 1968 2432 doc.
1987 2401 2250 2441 DCLXXXVI.)

698 2454 832 2486 15742.
849 2473 888 2479 ——
903 2455 1090 2495 Suspensio
1110 2455 1151 2486 ad
1168 2456 1202 2487 S.
1229 2456 1269 2486 A.
1299 2454 1551 2494 beneplacitum
1574 2454 1819 2485 sententiarum
1840 2463 1901 2494 per
1923 2454 2117 2486 Guittonem
2136 2464 2248 2495 ep.um

653 2509 870 2546 Urbevetan„
882 2508 1085 2540 Patrimonii
1098 2507 1130 2540 b.
1144 2508 1235 2539 Petri
1254 2508 1289 2538 in
1304 2508 1429 2539 Tuscia
1441 2508 1618 2544 rectorem,
1631 2507 1922 2547 promulgatarum
1936 2509 2052 2539 contra
2064 2508 2212 2549 populum
2223 2514 2252 2539 ee

654 2573 808 2594 commune
829 2562 1006 2600 viterbien„
1025 2570 1067 2593 ex
1089 2570 1128 2592 eo
1157 2561 1246 2601 quod
1263 2569 1340 2592 eum
1363 2560 1405 2591 ad
1425 2560 1480 2592 off.
1506 2560 1698 2600 potestariae
1725 2561 1903 2592 admittere
1922 2563 2091 2592 recusant.
2123 2561 2176 2602 (A.
2202 2563 2250 2599 17,

654 2617 677 2649 f.
695 2618 754 2648 173
769 2616 799 2653 ὓς
820 2616 856 2647 V.
874 2617 926 2652 73,
945 2624 997 2655 ep.
1013 2616 1118 2653 1038.)
1850 2608 1853 2611 ”

701 2666 835 2699 15713.
853 2685 892 2692 -
909 2667 1069 2700 Communi
1083 2672 1112 2699 et
1124 2667 1239 2708 populo
1263 2666 1438 2705 Vilerbien„
1456 2666 1493 2697 R.
1511 2666 1553 2697 Ε.
1568 2666 1720 2707 fidelibus,
1737 2667 1850 2698 mand.
1865 2668 1902 2698 ut
1917 2666 2004 2698 bona
2020 2668 2052 2698 et
2066 2676 2155 2707 pers.
2173 2667 2250 2700 nob.

655 2723 808 2755 virorum
824 2722 982 2754 Silvestri
998 2723 1030 2753 et
1045 2721 1137 2753 Gatti
1153 2721 1194 2752 de
1207 2720 1375 2758 Viterbio,
1394 2729 1432 2751 ac
1449 2719 1610 2758 filiorum,
1630 2721 1791 2759 nepotum
1810 2721 1842 2751 et
1858 2720 2186 2760 consanguineorum
2204 2721 2253 2760 ip-

656 2784 783 2811 sorum,
802 2775 937 2815 recepta
955 2774 1019 2805 sub
1035 2773 1210 2805 Pontificis
1227 2773 1259 2804 et
1275 2774 1317 2804 A.
1341 2773 1375 2804 S.
1392 2773 1612 2813 protectione,
1636 2773 1794 2804 studeant
1812 2782 1830 2803 a
1846 2772 2122 2804 molestatoribus
2140 2773 2253 2805 defen-

655 2829 744 2861 dere.
764 2829 816 2866 (A.
841 2830 889 2866 17,
910 2827 932 2858 f.
952 2829 1009 2859 173
1031 2827 1066 2865 ὓς
1087 2826 1123 2858 V.
1143 2828 1192 2864 73,
1210 2835 1264 2866 ep.
1284 2827 1388 2865 1039.)

701 2878 835 2911 15744.
853 2898 891 2903 -
910 2880 1049 2912 Guittom'
1075 2889 1144 2921 ep.o
1163 2878 1343 2911 Urbevelan.
1372 2879 1496 2916 rectori,
1515 2883 1542 2909 et
1565 2877 1727 2918 Mansredo
1742 2877 1779 2908 de
1806 2877 1965 2915 Montiliis,
1990 2877 2063 2908 cler.
2081 2877 2249 2910 Eumenen.

656 2934 714 2971 di..
731 2934 988 2965 vicethesaurario
1010 2933 1197 2964 Patrimonii
1218 2932 1246 2963 b.
1264 2932 1353 2963 Petri
1374 2932 1406 2962 in
1428 2931 1548 2967 Tuscia,
1566 2931 1680 2962 mand.
1697 2933 1733 2962 ut
1755 2931 2030 2962 informationem
2053 2931 2131 2961 dent
2150 2939 2252 2970 super

657 2987 874 3019 concessione
890 2995 949 3026 per
962 2986 1121 3026 praefatos
1136 2985 1300 3025 populum
1315 2986 1348 3016 et
1363 2992 1577 3016 communem
1600 2982 1787 3015 viterbien.
1814 2983 1920 3022 petita
1940 2983 2073 3014 emendi
2091 2983 2251 3015 victualia

657 3040 692 3071 in
709 3040 811 3072 terris
827 3039 1040 3075 Patrimonii,
1057 3047 1163 3079 eaque
1179 3038 1221 3069 ad
1236 3046 1355 3069 eorum
1369 3037 1461 3069 civit.
1480 3036 1607 3076 absque
1617 3044 1715 3076 poena
1728 3035 1899 3067 deferendi
1911 3045 1921 3072 3
1941 3035 2002 3066 illa
2016 3035 2106 3067 enim
2123 3044 2196 3076 quae
2209 3036 2250 3068 de
