2592 3528
382 351 440 381 120

407 441 508 467 Dauum
543 436 724 468 Avenione.

450 543 490 571 30
502 543 570 578 jun.
591 540 677 569 1322.

469 592 502 622 (ιι
523 586 582 614 kal.
598 585 665 622 jul.)

477 633 497 659 'I'
523 632 569 666 xl,
585 630 655 658 XIII.

526 913 561 941 Ut
577 921 600 940 s.

398 959 443 986 Gr.
462 967 512 994 pro
528 959 730 993 regesti-aiore.

522 1124 557 1152 Ut
582 1132 606 1151 s.

510 1168 540 1196 T.
561 1168 618 1196 XX.

418 1341 431 1366 ι
453 1338 537 1374 (ka1.)
547 1338 604 1372 jul.
626 1337 713 1366 1322.

512 1383 541 1410 T.
561 1382 615 1410 x1..

526 1497 562 1524 Ut
577 1505 600 1524 s.

491 1542 521 1568 T.
541 1541 636 1569 XXIV.

525 1656 561 1683 Ut
581 1664 605 1683 s.

491 1700 522 1727 T.
540 1701 634 1728 XXIV.

522 1816 557 1843 Ut
573 1824 596 1842 s.

418 1859 448 1887 Τ.
466 1860 501 1886 xl
524 1860 566 1894 ψ,
586 1859 646 1886 xm
664 1860 705 1894 ¹12.

522 2134 557 2161 Ut
573 2142 596 2161 s.

498 2178 528 2205 T.
550 2179 619 2205 XVI.

525 2240 559 2267 Ut
575 2248 598 2267 s.

504 2284 534 2311 T.
556 2285 611 2311 XX.

523 2399 557 2426 L't
572 2407 595 2426 s.

450 2443 493 2470 Gr.
513 2451 564 2477 pro
580 2443 667 2472 socio.

522 2609 557 2637 Ut
577 2618 601 2637 S.

481 2653 511 2679 T.
528 2654 561 2687 X,
578 2654 636 2681 XII.

518 2767 555 2795 Ut
575 2776 598 2795 s.

466 2811 496 2840 Τ.
513 2812 559 2846 XI,
576 2813 647 2840 XIII.

522 2978 556 3005 L't
572 2987 594 3005 s.

468 3021 497 3050 T.
516 3023 562 3057 XI,
580 3023 652 3052 XIII.

781 343 954 376 JOANNIS
978 341 1096 373 PAPAE
1117 340 1218 372 XXII.
1243 328 1491 377 <ww-133⁴).
1510 354 1548 360 ——
1571 335 1757 366 LITTERAE
1779 334 2005 367 COMMUNES

853 531 987 565 15693.
1002 552 1039 557 -
1063 531 1218 566 ναΙιΙιενο,
1237 529 1302 570 filio
1329 539 1359 560 n.
1380 538 1407 558 v.
1435 527 1566 559 Joannis
1592 526 1721 558 Comitis
1741 526 1778 558 de
1799 526 1913 568 Arbeq,
1938 526 2052 559 collat.
2080 535 2198 559 canon.
2221 527 2286 559 sub
2307 535 2403 569 exsp.

806 588 907 628 praeb.
931 587 1012 618 eccl.
1029 584 1272 625 Maguntinen.,
1291 581 1421 613 consid.
1444 582 1482 612 ut
1498 589 1541 616 s..
1558 588 1625 612 non
1641 579 1728 612 obst.
1749 580 1840 620 quod
1855 580 1890 612 in
1908 579 2072 612 Basilien.
2089 581 2122 612 et
2143 580 2180 612 in
2201 580 2243 613 de
2258 582 2404 613 monast.

805 639 1066 675 GrandisvalliS,
1086 636 1248 668 Basilien.
1266 635 1327 671 di.,
1347 643 1384 665 ac
1402 642 1429 664 s.
1451 633 1586 665 Nicolai
1610 633 1801 665 Lausanen.
1826 633 1906 665 eccl.
1929 641 2048 665 canon.
2067 632 2218 666 obtineat
2234 635 2268 665 et
2288 633 2406 674 praeb„

806 702 843 725 ac
862 701 963 732 super
981 690 1204 731 praepositura
1218 688 1325 727 ejusd.
1350 686 1513 719 Basilien.
1531 685 1614 718 eccl.
1638 686 1759 726 litiget.
1777 703 1816 708 —
1831 686 1857 718 1.
1874 694 1904 718 e.
1921 695 1966 718 m.
1986 685 2062 718 abb.
2082 686 2117 718 in
2141 685 2355 728 Friensberg,
2373 688 2407 719 et

805 746 910 786 priori
924 746 964 775 de
981 746 1133 776 Romano
1150 742 1307 777 monast..
1323 749 1382 780 per
1402 740 1552 780 priorem
1568 739 1663 771 soliti
1684 739 1776 780 gub..
1798 741 1959 777 monast..
1977 739 2211 772 constantim.
2232 741 2265 772 et
2279 739 2407 772 Lausu-

805 807 881 830 nen.
895 798 955 835 di.,
969 806 1007 828 ac
1018 805 1106 836 mag.
1120 795 1245 826 Jacobo
1262 794 1302 825 de
1315 793 1457 831 Mutina,
1475 802 1547 825 can.
1564 792 1794 831 cameracen„
1814 793 1912 833 Papae
1927 801 2000 833 cap.
2017 793 2070 834 (A.
2087 794 2136 831 17,
2154 793 2176 825 f.
2193 794 2235 826 90
2247 798 2281 830 ¹3
2302 793 2339 824 V.
2354 795 2405 830 73,

806 860 823 883 e
851 874 858 881 .
877 851 962 889 972.)

826 861 989 934 p156911.
1004 920 1042 925 -
1059 901 1142 942 May.
1162 900 1281 932 oddoni
1303 900 1339 931 de
1353 899 1539 937 Sermineeo,
1560 908 1632 932 can.
1648 900 1875 938 xanctonen„
1897 900 1976 932 cler.
1995 899 2146 932 Camorae
2161 900 2294 940 Apost„
2312 907 2406 932 conc.

805 957 913 997 gratia
929 964 1024 995 exsp.
1040 954 1153 986 benef.
1170 954 1284 986 saecul.
1306 962 1334 984 s.
1352 962 1380 985 c.
1401 953 1436 984 in
1451 953 1588 985 civitate
1604 953 1657 985 vel
1677 952 1723 984 di.
1744 953 1887 991 Uticen.,
1904 953 2028 993 pertin.
2049 953 2092 985 ad
2106 952 2220 985 collat.
2241 953 2311 993 ep.i
2331 952 2407 985 Uti·

805 1019 876 1041 cen.
895 1028 931 1032 —
950 1010 975 1040 Ι.
992 1018 1021 1040 e.
1039 1017 1083 1039 m.
1102 1007 1273 1047 archiep.o
1291 1007 1477 1042 Arelatem,
1493 1007 1526 1038 et
1541 1014 1644 1046 praep.
1661 1006 1741 1038 eccl.
1758 1005 1987 1044 Ebredunen.,
2002 1015 2040 1038 ac
2054 1005 2196 1039 Nicolao
2209 1006 2250 1038 de
2265 1005 2405 1044 Frattis,

807 1071 879 1094 can.
901 1063 1088 1098 patracen„
1105 1061 1170 1092 litt.
1189 1062 1298 1100 apost.
1322 1059 1516 1092 correctori.
1534 1059 1587 1100 (A.
1606 1061 1656 1097 17,
1674 1059 1698 1090 f.
1715 1061 1755 1092 96
1770 1059 1800 1096 ¹³3
1826 1059 1857 1090 V.
1875 1061 1926 1097 73,
1946 1068 1998 1100 ep.
2017 1059 2104 1100 994.)

852 1112 986 1144 15695.
1005 1132 1044 1138 -
1061 1114 1169 1145 Priori
1184 1119 1212 1145 ee
1232 1113 1385 1154 fratribus
1399 1113 1596 1144 eremitarum
1615 1112 1651 1144 S.
1668 1113 1708 1143 A.
1731 1111 1913 1154 Luqdunen.
1938 1121 2031 1145 conc.
2058 1113 2197 1145 licentia
2221 1112 2408 1154 recipiendi

806 1177 931 1200 novum
945 1168 1056 1199 locum
1073 1168 1108 1198 in
1123 1167 1261 1198 civitate
1275 1167 1473 1207 Lugdunen.
1490 1167 1524 1198 et
1540 1166 1709 1198 vendendi
1727 1166 1918 1206 antiquum,
1931 1174 1998 1198 non
2012 1166 2097 1198 satis
2113 1166 2155 1198 ab
2169 1166 2250 1198 eccl.
2265 1165 2409 1198 fratrum

806 1222 844 1255 O.
863 1223 900 1253 B.
915 1222 959 1253 M.
973 1222 1014 1252 de
1030 1220 1293 1253 Montecarmelo
1304 1220 1404 1261 juxta
1421 1220 1688 1252 moderationem
1705 1219 1892 1252 Clementis
1905 1220 1943 1251 P.
1962 1220 1999 1251 P.
2015 1219 2062 1252 IV
2076 1219 2272 1252 distantem.
2290 1218 2342 1258 (A.
2357 1220 2407 1256 17,

807 1275 829 1307 f.
848 1276 887 1307 98
905 1280 935 1311 ἃ,
958 1274 990 1305 V.
1009 1276 1058 1311 73,
1075 1283 1127 1314 ep.
1148 1275 1253 1313 1013.)

853 1326 989 1358 15696.
1009 1345 1048 1351 -
1069 1328 1171 1368 Ερ.ιιε
1186 1327 1390 1368 Arqenlinen.
1411 1332 1439 1357 et
1452 1326 1520 1358 abb.
1541 1330 1671 1357 monast.
1689 1325 1881 1367 Mau-pacem,
1899 1325 2047 1358 Basilien.
2064 1325 2121 1363 di.,
2137 1335 2172 1358 ac
2185 1325 2319 1358 decanus
2334 1325 2407 1358 eccl.

809 1381 1019 1413 Constantien.
1036 1381 1160 1413 dantur
1173 1382 1209 1412 ut
1221 1380 1354 1421 judices
1370 1381 1627 1412 conservatores
1641 1379 1718 1411 abb.
1735 1381 1769 1412 et
1784 1388 1879 1412 conv.
1899 1381 2045 1411 monast.
2062 1379 2103 1412 de
2114 1379 2251 1417 Lucela,
2265 1379 2408 1412 Cisterc.

807 1435 893 1473 ord.‚
910 1435 1072 1466 Basilien.
1091 1435 1136 1465 di.
1160 1434 1213 1475 (A.
1234 1436 1283 1471 16,
1301 1434 1323 1465 f.
1342 1435 1401 1465 217
1420 1439 1449 1470 ¹3
1474 1433 1506 1464 V.
1527 1435 1577 1472 73,
1595 1442 1648 1474 ep.
1665 1434 1725 1465 368
1741 1434 1794 1472 F.)

853 1486 988 1517 15697.
1007 1507 1045 1511 -
1063 1487 1170 1518 Mariae
1184 1488 1298 1528 reqinae
1312 1487 1536 1528 Majoricarum
1557 1495 1648 1518 cono.
1671 1486 1793 1518 indult.
1817 1486 1966 1527 eligendi
1984 1486 2216 1519 confessorem
2238 1486 2297 1527 qui
2318 1494 2407 1525 eam,

806 1543 907 1574 etiam
920 1542 954 1573 in
968 1541 1105 1573 casibus
1117 1541 1268 1573 locorum
1283 1540 1467 1572 ordinariis
1479 1540 1675 1578 reservatis,
1692 1539 1734 1571 ab
1749 1549 1879 1572 excom.
1897 1540 2078 1572 sententiis
2094 1539 2270 1572 absolvere
2284 1539 2406 1572 valeat.

807 1595 860 1634 (A.
880 1597 930 1632 17,
949 1595 971 1627 f.
990 1596 1085 1631 145⁸;
1108 1594 1140 1625 V.
1157 1596 1208 1632 73,
1225 1603 1278 1634 ep.
1294 1594 1381 1633 850.)

853 1646 988 1677 15698.
1007 1667 1044 1671 -
1056 1648 1171 1679 Sancio
1183 1649 1252 1688 reqi
1263 1647 1483 1688 Majoricarum
1494 1656 1586 1678 conc.
1602 1647 1702 1678 facul.
1720 1646 1868 1687 eligendi
1884 1645 2127 1684 confessorem,
2141 1646 2200 1687 qui
2211 1654 2290 1678 eum
2305 1645 2409 1678 etiam

805 1702 839 1733 in
851 1702 987 1733 casibus
999 1702 1148 1733 locorum
1165 1701 1348 1733 ordinariis
1359 1700 1554 1738 reservatis,
1568 1700 1849 1740 quotiescumque
1860 1699 1985 1731 viderit
1993 1699 2166 1740 expedire,
2179 1700 2212 1731 et
2223 1699 2266 1731 ab
2277 1707 2408 1732 excom.

805 1755 983 1786 sententiis
999 1755 1106 1786 semel
1123 1756 1256 1786 tantum
1270 1754 1447 1786 absolvere
1463 1754 1583 1785 valeat.
1602 1754 1655 1793 (A.
1675 1755 1723 1791 17,
1743 1753 1766 1784 f.
1784 1755 1842 1785 145
1853 1758 1880 1790 ²3
1905 1753 1941 1785 V.
1958 1755 2010 1789 73,
2021 1761 2073 1794 ep.
2092 1752 2180 1793 9¹2.)

851 1806 986 1838 15699.
1004 1826 1042 1831 -
1058 1808 1175 1840 Joanni
1192 1807 1375 1839 Ckalardini
1390 1807 1503 1839 collat.
1520 1815 1638 1838 canon.
1656 1808 1689 1838 et
1704 1806 1805 1846 praeb.
1823 1806 1904 1838 eccl.
1923 1806 2192 1842 Autisiodoren„
2210 1814 2270 1847 per
2286 1814 2408 1838 renun-

805 1862 984 1893 ciationem
1008 1871 1028 1893 a
1048 1862 1149 1893 Petro
1174 1861 1214 1892 de
1239 1861 1468 1901 Montigniaco
1490 1869 1593 1892 causa
1612 1860 1874 1900 permutationis
1896 1868 1974 1892 cum
1998 1868 2117 1892 canon.
2141 1861 2176 1892 et
2195 1859 2299 1900 praeb.
2325 1859 2407 1891 eccl.

807 1916 845 1947 B.
862 1916 905 1947 M.
919 1916 959 1946 de
977 1915 1149 1952 Medunta,
1174 1915 1354 1946 Carnoten.
1372 1914 1432 1951 di.,
1456 1913 1578 1946 factam
1601 1922 1654 1954 ap.
1671 1913 1704 1945 S.
1722 1915 1762 1945 A.
1784 1922 1879 1950 vae,
1901 1922 1968 1945 non
1989 1913 2076 1945 obst.
2103 1912 2239 1953 paroch.
2261 1912 2342 1945 eccl.
2366 1913 2408 1945 do

804 1969 1025 2005 Bosoncuria,
1045 1968 1230 2009 Lingonen.
1252 1968 1299 2000 di.
1321 1986 1359 1991 -
1386 1968 1414 1999 Ι.
1431 1976 1461 1999 e.
1477 1976 1522 1999 m.
1540 1976 1569 1998 s.
1592 1967 1753 1999 Germani
1771 1968 1804 1998 et
1822 1975 1850 1997 s.
1868 1966 1962 1998 Petri
1979 1966 2234 1998 Autisiodoren.
2259 1967 2407 2004 monast.

804 2022 894 2059 abb„
912 2031 950 2053 ac
978 2022 1123 2053 Berardo
1149 2021 1295 2053 Infantis
1315 2021 1357 2052 de
1384 2022 1502 2059 Reate,
1528 2029 1602 2052 can.
1626 2021 1837 2052 Xanctonen.
1865 2020 1946 2052 eccl.
1970 2020 2023 2061 (A.
2042 2021 2092 2058 17,
2116 2019 2138 2052 f.
2167 2021 2225 2052 145
2240 2020 2271 2058 ¹³3
2297 2019 2333 2051 V.
2355 2021 2407 2058 73,

804 2084 856 2115 ep.
878 2076 965 2115 913.)
2157 2071 2161 2077 “

850 2126 986 2158 15700.
1002 2145 1039 2150 -
1058 2129 1174 2160 ,Ioanni
1195 2128 1232 2159 de
1253 2128 1362 2166 Bosco,
1388 2127 1468 2159 cler.
1494 2127 1738 2167 Rothomagen.
1764 2127 1823 2165 di.,
1847 2135 1939 2158 conc.
1969 2126 2121 2167 dispens.
2147 2135 2250 2166 super
2274 2126 2408 2158 defectu

804 2182 914 2213 aetatis
933 2182 974 2213 ad
991 2181 1102 2213 benef.
1122 2182 1310 2213 ecclesiast.
1329 2190 1358 2212 c.
1374 2190 1401 2212 c.
1417 2180 1650 2212 obtinendum.
1668 2180 1719 2218 (A.
1739 2182 1787 2217 17,
1805 2180 1826 2211 f.
1848 2181 1907 2212 146
1922 2184 1954 2217 ⁸3
1977 2179 2011 2210 V.
2027 2182 2078 2218 73,
2092 2188 2146 2220 ep.
2162 2181 2247 2219 914.)

850 2233 986 2264 15701.
1006 2253 1044 2257 -
1064 2234 1295 2266 visitantibus
1318 2234 1398 2266 eccl.
1422 2235 1569 2266 monast.
1585 2233 1788 2265 monialium
1811 2233 1845 2265 S.
1864 2233 1910 2265 M.
1936 2233 2139 2272 PetraetaHs,
2159 2233 2301 2265 Cisterc.
2320 2233 2405 2270 ord„

805 2289 920 2320 Vicen.
938 2289 998 2324 di.,
1017 2298 1109 2320 conc.
1132 2289 1261 2328 indulg.
1279 2288 1381 2319 unius
1396 2287 1476 2318 anni
1495 2287 1528 2318 in
1548 2297 1582 2318 1v
1600 2286 1847 2318 festivitatibus
1873 2287 1911 2318 B.
1930 2286 1989 2325 M„
2014 2287 2047 2318 et
2070 2297 2087 2318 c
2110 2286 2244 2318 dierum
2260 2286 2407 2319 eleemo-

804 2351 909 2382 synas
927 2341 1157 2382 erogantibus.
1176 2342 1227 2380 (A.
1246 2344 1294 2377 17,
1315 2341 1337 2371 f.
1352 2342 1392 2373 98
1406 2346 1437 2378 ·;
1457 2340 1492 2372 V.
1511 2342 1561 2378 73,
1578 2349 1630 2380 ep.
1653 2340 1758 2379 1014.)

850 2392 984 2424 15702.
1003 2413 1042 2418 —
1065 2394 1148 2435 Maq.
1172 2394 1329 2425 Bernardo
1355 2394 1467 2425 Baboti
1483 2393 1519 2424 de
1538 2404 1562 2424 s.
1581 2393 1707 2434 Sperz'a,
1723 2394 1789 2424 ΡΡ.
1813 2393 1944 2433 script.,
1967 2393 2091 2425 rectori
2107 2393 2242 2433 paroch.
2263 2392 2344 2424 eccl.
2364 2392 2407 2425 de

803 2448 959 2479 Asnhaco
977 2449 1009 2480 et
1027 2448 1067 2479 de
1085 2448 1296 2487 Malopassu,
1314 2447 1560 2487 Appamiarum
1577 2447 1636 2484 di.,
1663 2455 1808 2486 quarum
1832 2455 1900 2478 una
1914 2446 2080 2486 dependet
2097 2445 2139 2477 ab
2155 2446 2274 2484 altera,
2291 2445 2405 2478 collat.

803 2510 922 2533 canon.
939 2501 1003 2532 sub
1019 2509 1116 2540 exsp.
1131 2500 1234 2540 praeb.
1254 2500 1334 2532 eccl.
1359 2500 1532 2540 Urgellen.
1551 2518 1590 2523 —
1604 2499 1630 2531 1.
1648 2508 1677 2530 e.
1697 2507 1743 2530 m.
1760 2507 1837 2539 ep.o
1851 2499 2012 2534 Ilerden.,
2030 2499 2063 2530 et
2080 2499 2291 2530 Avenionen.
2312 2507 2351 2530 ae
2365 2498 2407 2531 de

802 2554 931 2592 Insula,
949 2554 1153 2586 Cavallicen.
1172 2554 1232 2590 di.,
1251 2562 1354 2594 praep.
1376 2553 1457 2584 eccl.
1478 2553 1530 2592 (A.
1552 2554 1601 2588 17,
1618 2552 1641 2583 f.
1660 2553 1720 2584 225
1736 2557 1768 2589 ²,
1791 2551 1824 2582 V.
1839 2554 1889 2590 73,
1908 2561 1960 2592 ep.
1980 2553 2084 2591 1295.)

850 2604 985 2637 15703.
1006 2624 1045 2630 —-
1069 2605 1209 2637 Arnaldo
1228 2605 1264 2637 de
1288 2605 1469 2647 Bellopodio
1491 2606 1604 2637 collat.
1629 2605 1768 2645 capelloe
1794 2613 1824 2636 s.
1853 2604 1975 2636 Lazari
2001 2605 2226 2641 Avenionen.,
2251 2613 2312 2645 per
2334 2604 2407 2637 obit

801 2660 943 2692 Joannis
967 2661 1071 2692 Bruni
1088 2669 1141 2699 ap.
1161 2660 1195 2692 S.
1215 2660 1256 2691 Α.
1278 2659 1428 2690 defuncti
1446 2667 1518 2690 vac.
1543 2676 1580 2682 -—
1602 2659 1629 2690 I.
1649 2667 1677 2690 e.
1703 2667 1748 2690 m.
1767 2666 1843 2699 ep.o
1867 2658 2060 2695 Caturcen.,
2080 2659 2112 2690 et
2136 2659 2348 2698 praecentori,
2368 2666 2407 2690 ac

801 2713 987 2746 Guillelmo
1004 2714 1044 2745 de
1058 2713 1232 2750 Concocio,
1247 2721 1319 2744 can.
1335 2712 1414 2744 eccl.
1432 2712 1687 2744 Autisiodoren.
1705 2712 1758 2751 (A.
1779 2714 1826 2749 17,
1842 2711 1865 2744 f.
1883 2713 1942 2744 296
1959 2711 1974 2733 b
1982 2721 1991 2749 3
2016 2711 2052 2743 V.
2068 2713 2119 2748 73,
2139 2720 2191 2752 ep.
2207 2711 2315 2752 1363.)

849 2764 984 2797 15704.
1009 2783 1046 2789 -
1072 2766 1239 2797 Francisco
1256 2766 1293 2796 de
1316 2765 1475 2806 Alperinix
1495 2765 1607 2797 collat.
1627 2774 1745 2797 canon.
1772 2765 1836 2796 sub
1858 2773 1956 2805 exsp.
1973 2764 2076 2805 praeb.
2101 2765 2181 2797 eccl.
2207 2773 2235 2796 s.
2257 2764 2349 2797 Celsi
2363 2765 2406 2797 de

803 2820 905 2852 Urbe.
929 2839 966 2843 -
984 2821 1011 2852 Ι.
1031 2829 1060 2852 e.
1084 2829 1128 2851 m.
1153 2820 1282 2860 Angelo
1306 2820 1346 2850 de
1368 2819 1486 2856 Ponte,
1513 2820 1546 2850 et
1567 2819 1721 2851 Romano
1740 2818 1895 2859 Magistri
1913 2818 2046 2859 Angeli,
2069 2818 2221 2850 basilicae
2238 2818 2406 2859 principis

802 2874 1033 2913 apostolorum
1051 2873 1092 2905 de
1117 2874 1220 2911 Urbe,
1246 2882 1283 2904 ac
1307 2881 1395 2913 mag.
1421 2873 1552 2905 oddoni
1578 2873 1618 2904 de
1635 2872 1837 2909 Sermineto,
1856 2873 2068 2904 Xanctonen.
2087 2881 2160 2904 can.
2179 2871 2261 2904 eccl.
2281 2872 2332 2910 (A.
2354 2873 2402 2910 17,

803 2926 825 2957 f.
844 2928 903 2958 302
917 2926 949 2963 ὓς
973 2926 1005 2956 V.
1025 2929 1075 2964 73,
1095 2935 1148 2966 ep.
1167 2927 1271 2964 1366.)

848 2977 982 3008 15705.
1000 2998 1037 3003 -
1056 2979 1146 3010 Petro
1160 2979 1226 3020 filio
1239 2978 1351 3019 Anqeli
1361 2978 1490 3010 Joannis
1507 2977 1626 3009 Cimbii
1642 2979 1715 3010 ead.
1734 2979 1843 3019 gratia
1857 2978 1891 3009 in
1908 2979 1988 3010 eccl.
2007 2987 2034 3010 s.
2053 2978 2187 3010 Ceciliae
2201 2978 2236 3009 in
2251 2978 2404 3010 Transti-

801 3032 910 3064 berim
935 3033 975 3064 de
995 3032 1096 3064 Urbe.
1120 3050 1160 3056 -
1178 3033 1205 3064 Ι.
1233 3041 1262 3064 e.
1281 3041 1325 3063 m.
1348 3031 1425 3063 abb.
1445 3033 1589 3063 monast.
1609 3041 1637 3063 s.
1661 3031 1769 3071 Sabae,
1789 3033 1822 3064 et
1838 3031 1984 3072 archipr.
2009 3031 2090 3064 eccl.
2114 3040 2142 3063 s.
2163 3031 2336 3064 Vincentii
2361 3031 2403 3064 de
