2592 3528
292 309 351 340 254

327 395 428 424 Datum
447 389 628 424 Avenione.

331 605 344 630 Ι
362 601 445 639 (kal.)
461 609 523 638 apr.
541 601 628 630 1323.

395 646 426 674 τ.
445 647 479 681 x,
498 646 557 674 xn.

441 867 477 895 Ut
498 875 521 896 s.

378 912 407 939 T.
426 911 485 946 XII,
502 911 570 939 XIV.

440 1079 476 1107 Ut
496 1087 519 1106 s.

385 1123 415 1151 T.
434 1123 480 1158 XI,
501 1122 572 1151 XIII.

440 1291 476 1319 Ut
491 1299 515 1318 s.

401 1335 430 1362 T.
447 1335 480 1369 X,
497 1335 555 1362 XII.

441 1396 476 1424 Ut
490 1405 512 1424 s.

437 1441 468 1467 T.
490 1440 520 1468 L.

443 1661 477 1689 Ut
496 1669 520 1689 s,

408 1706 439 1732 T.
455 1706 550 1733 XXIV.

441 1873 477 1900 Ut
497 1881 520 1900 s.

403 1918 434 1944 Τ.
455 1918 548 1945 XXIV.

437 2032 472 2059 Ut
492 2040 514 2059 s.

407 2077 436 2103 T.
458 2076 550 2104 XXIV.

438 2297 473 2325 Ut
491 2306 515 2326 s.

441 2561 478 2589 Ut
493 2569 517 2590 ε.

408 2605 438 2632 T.
458 2606 552 2634 XXIV.

441 2826 476 2854 Ut
491 2834 514 2854 s.

405 2871 436 2899 T.
458 2871 552 2900 XXIV.

691 304 864 337 JOANNIS
887 305 1006 337 PAPAE
1027 305 1129 337 xxu.
1153 306 1403 348 (1316-1334).
1426 324 1465 330 —
1487 306 1674 338 LITTERAE
1696 305 1924 338 COMMUNES

721 494 789 526 alia
804 504 827 527 x
844 495 917 527 loca
934 495 1023 527 infra
1039 496 1093 528 vel
1111 497 1208 528 extra
1235 495 1357 528 maenia
1379 495 1530 527 earumd.
1558 494 1651 527 civit.
1677 494 1787 535 magis
1808 495 1887 535 apta
1904 502 2028 527 emere.
2045 512 2082 518 -
2104 494 2200 527 Idem
2222 503 2316 527 cone.

721 548 833 588 quoad
847 548 959 580 locum
977 549 1126 581 civitatis
1143 549 1316 581 Arelaten.
1332 549 1385 590 (A.
1405 549 1452 585 18,
1472 548 1494 579 f.
1511 549 1572 580 455
1587 553 1602 569 ²
1613 557 1623 584 3
1646 547 1682 579 V.
1699 550 1751 586 74,
1768 556 1820 589 ep.
1833 547 1922 589 617.)

767 599 902 631 17126.
927 620 964 626 -
983 601 1098 633 Garsiae
1119 602 1250 633 Martini
1275 601 1387 633 collat.
1404 610 1523 632 canon.
1548 601 1628 632 0001.
1647 600 1878 633 Columbrien.
1901 600 1966 633 sub
1987 609 2084 642 exsp.
2111 600 2235 643 praeb.;
2253 609 2320 634 non

721 654 809 687 obst.
827 655 964 695 paroch.
975 655 1055 687 0001,
1071 663 1098 686 s.
1112 655 1249 686 Martini
1265 654 1305 686 de
1320 654 1451 691 Sarleu,
1467 653 1700 686 Columbrien.
1713 654 1772 690 di..
1789 655 1822 686 et
1837 662 1955 686 canon.
1971 662 2010 687 ae
2025 653 2128 696 praeb.
2144 662 2206 687 seu
2221 662 2318 696 perp.

721 707 875 748 portione
901 708 935 739 in
960 708 1039 740 eccl.
1058 717 1085 739 s.
1109 707 1225 739 Jacobi
1251 706 1469 738 Colimbrien.
1491 707 1571 738 -Ι,
1588 715 1618 739 0.
1634 715 1679 738 m.
1703 707 1830 739 decano
1853 706 2087 746 Salamantin.,
2113 708 2147 740 et
2173 707 2320 740 Valaseo

721 761 872 798 Martini,
899 761 1118 798 Ulixbonen.,
1151 769 1188 792 ac
1213 760 1399 791 Laurentio
1423 760 1534 800 Egeae,
1565 759 1782 801 Portugalen.
1808 769 1880 792 can.
1913 761 1995 793 0001.
2017 761 2071 800 (A.
2097 762 2146 799 18,
2163 760 2187 792 f.
2209 759 2320 798 “0⁶3

727 813 760 846 V.
780 816 829 851 74,
847 823 898 853 ep.
917 815 1001 853 639.)

767 864 902 896 17127.
922 885 959 890 -
979 866 1142 897 Ramberto
1161 866 1272 904 David,
1287 875 1359 898 can.
1375 867 1600 905 xanctonen,
1617 866 1781 908 indulget.
1795 868 1844 905 ut,
1859 867 2040 900 residendo
2058 867 2094 899 in
2108 867 2224 908 aliqua
2237 866 2320 900 0001.

721 919 755 950 iu
773 919 897 959 quibus
916 919 1136 951 beneficiatus
1152 919 1282 955 existit,
1298 919 1430 951 fruetus
1443 918 1547 960 praeb.
1565 919 1646 952 eccl.
1661 921 1872 952 Xanctonen.
1890 929 1999 961 usque
2015 920 2058 952 ad
2069 920 2256 952 triennium
2272 919 2320 951 in·

720 973 812 1011 tegre
829 972 1005 1012 percipiat.
1023 990 1061 995 —
1078 973 1104 1003 I.
1129 981 1157 1004 e.
1174 981 1220 1004 m.
1241 981 1317 1013 ep.o
1343 973 1574 1012 Lemovicen„
1593 974 1627 1005 et
1645 973 1687 1005 de
1710 974 1968 1015 Montepensato
1983 982 2022 1005 ac
2046 973 2088 1006 de
2114 973 2253 1014 Figiaco
2270 981 2321 1005 ar-

722 1025 844 1056 chid.is
862 1025 897 1056 in
914 1025 994 1056 eccl.
1012 1025 1189 1057 Caturcen.
1213 1025 1266 1067 (A.
1285 1027 1334 1064 18,
1351 1026 1373 1058 f.
1391 1027 1494 1064 46223
1514 1026 1550 1058 V.
1567 1027 1618 1064 74,
1634 1035 1687 1067 ep,
1705 1026 1792 1066 656.)

767 1076 903 1108 17128.
922 1096 961 1102 —
975 1079 1122 1110 Massucio
1139 1078 1226 1110 Tucii
1242 1079 1355 1111 collat.
1378 1088 1496 1112 canon.
1521 1079 1584 1112 sub
1608 1088 1703 1121 exsp.
1721 1080 1825 1121 praeh.
1848 1080 1929 1113 0001.
1948 1089 1977 1113 s.
1995 1079 2155 1112 venantii
2170 1079 2321 1112 Cameri-

721 1140 796 1163 nen.
815 1149 854 1155 —
870 1132 896 1163 I.
918 1141 947 1164 e.
967 1141 1012 1164 m.
1031 1141 1107 1172 ep.0
1122 1132 1339 1172 Maceraten.,
1358 1134 1391 1165 et
1403 1133 1548 1174 plebano
1562 1133 1674 1174 plebis
1693 1142 1721 1166 s.
1741 1133 1866 1166 Donati
1883 1134 1925 1166 de
1940 1133 2153 1172 Monteulivi,
2168 1133 2321 1166 Firman.

720 1185 780 1221 di„
804 1194 841 1216 ac
857 1185 1029 1226 Hugolino
1046 1185 1221 1218 Thomasii
1246 1187 1287 1219 de
1311 1187 1461 1219 Moliano
1489 1187 1624 1224 militis,
1648 1196 1720 1219 can.
1743 1187 1895 1219 Firman.
1915 1187 1998 1220 eccl.
2018 1187 2071 1227 (A.
2097 1187 2146 1225 18,
2170 1186 2192 1218 f.
2209 1187 2270 1219 493
2286 1186 2321 1225 ”5

725 1238 757 1269 V.
777 1240 826 1276 74,
844 1247 896 1278 ep.
914 1240 998 1278 665.)

767 1289 901 1321 17129.
920 1310 960 1315 —
983 1292 1180 1324 Thomas-utto
1206 1293 1292 1324 Tucii
1316 1293 1437 1325 Thomae
1453 1294 1527 1326 ead.
1545 1293 1655 1334 gratia
1676 1294 1711 1325 in
1727 1294 1808 1326 0001.
1826 1294 2004 1327 Tudertin.
2022 1310 2061 1317 —
2077 1293 2104 1325 I.
2122 1301 2153 1326 e.
2168 1301 2215 1325 m.
2233 1294 2271 1326 ut
2291 1302 2322 1325 s.

721 1346 774 1386 (A.
794 1347 843 1383 18,
859 1346 881 1377 f.
899 1347 959 1378 494
976 1351 1009 1382 ·;
1033 1346 1069 1378 V.
1087 1348 1136 1384 74,
1155 1356 1207 1387 ep.
1225 1347 1312 1388 666.)

767 1397 902 1429 17130.
919 1418 958 1423 --
977 1400 1232 1432 Transcribitur
1249 1401 1469 1442 privilegium
1491 1410 1593 1442 praep.
1608 1405 1639 1432 et
1660 1401 1814 1442 fratr-ibus
1831 1400 1993 1443 hospitalis
2009 1411 2049 1432 se.
2065 1400 2188 1432 Nicolai
2206 1405 2236 1431 et
2249 1399 2324 1431 Ber·

720 1452 811 1483 nardi
824 1452 861 1483 de
884 1453 1076 1494 Montejovis,
1093 1454 1132 1486 O.
1152 1454 1185 1485 S.
1206 1455 1261 1493 A.‚
1276 1454 1444 1486 Sedunen.
1465 1454 1524 1492 di„
1543 1454 1585 1486 ab
1601 1454 1796 1486 Alexandro
1814 1454 1908 1494 Papa
1924 1454 1974 1486 111
1989 1462 2076 1486 anno
2094 1455 2172 1486 1177
2189 1461 2323 1486 conoes-

721 1515 810 1542 sum,
828 1515 888 1547 per
905 1506 996 1546 quod
1011 1506 1075 1538 sub
1092 1506 1125 1538 b.
1145 1507 1238 1538 Petri
1255 1508 1288 1539 et
1305 1516 1368 1539 sua
1391 1507 1611 1548 protectione,
1629 1507 1672 1539 ad
1687 1508 1797 1539 instar
1814 1507 1959 1548 Eugenii
1975 1507 2087 1548 Papae,
2104 1507 2234 1539 dictum
2247 1505 2324 1538 hos-

720 1559 823 1600 pitale
847 1559 985 1600 recepit,
1010 1561 1043 1591 et
1056 1560 1134 1600 Jura
1154 1569 1191 1592 ao
1219 1559 1307 1592 bona
1323 1560 1445 1601 ipsius,
1463 1561 1518 1592 hic
1546 1562 1755 1598 enumerata,
1782 1560 2005 1593 confirmavit.
2025 1561 2078 1600 (A.
2101 1561 2150 1598 18,
2166 1559 2189 1591 f.
2206 1561 2266 1592 443
2285 1564 2322 1597 ⁸3

725 1613 762 1645 V.
778 1614 828 1649 74,
846 1622 898 1653 ep.
915 1612 1002 1653 667.)

766 1667 777 1679 “
801 1663 937 1696 17131.
957 1685 995 1689 -
1014 1667 1205 1698 Annotatur
1218 1667 1437 1708 privilegium
1454 1667 1574 1706 eisdem,
1594 1676 1613 1699 a
1632 1667 1806 1700 Clemente
1823 1667 1917 1708 Papa
1930 1667 1978 1699 IV
1993 1667 2111 1699 datum
2127 1666 2275 1704 Perusii,
2290 1677 2322 1698 v1

722 1721 768 1751 id.
789 1721 862 1761 jun.
885 1729 973 1752 anno
990 1720 1032 1758 1⁰,
1055 1729 1114 1760 per
1129 1720 1219 1760 quod
1233 1720 1432 1761 prohibetur
1450 1721 1662 1762 presbyteris
1678 1729 1970 1762 quarumcumque
1983 1720 2063 1752 0001.
2082 1729 2123 1752 ne
2142 1720 2323 1760 praedictos

722 1774 846 1806 fratres
862 1773 1050 1814 impediant
1069 1774 1253 1814 quominus
1271 1774 1508 1815 eleemosynas
1524 1774 1559 1805 in
1577 1774 1678 1806 dictis
1694 1774 1775 1806 eccl.
1794 1775 1909 1815 petere
1924 1773 2070 1814 possint,
2087 1781 2173 1805 neve
2191 1774 2323 1814 partem

722 1827 873 1859 earumd.
896 1827 1193 1867 eleemosynarum
1218 1829 1420 1868 extorquere
1448 1829 1668 1868 praesumant.
1687 1828 1742 1868 (A.
1767 1828 1817 1864 18,
1834 1827 1857 1858 f.
1872 1828 1932 1859 465
1948 1832 1982 1863 ·;
2007 1826 2038 1858 V.
2056 1828 2106 1862 74,
2123 1835 2176 1867 ep.
2193 1827 2253 1859 668
2268 1826 2324 1867 A.)

766 1880 777 1891 ¹
800 1878 935 1911 17132.
954 1897 993 1904 —
1015 1881 1204 1912 Annotatur
1225 1881 1443 1921 privilegium
1465 1880 1540 1912 eisd.
1562 1881 1714 1921 fratribus
1737 1880 1778 1912 ab
1803 1880 1999 1912 Alexandro
2023 1880 2117 1920 Papa
2143 1880 2191 1912 IV
2208 1879 2324 1912 datum

722 1934 884 1974 Anagniae
899 1945 931 1965 v1
946 1934 1015 1965 kal.
1034 1933 1118 1965 febr.
1137 1943 1224 1966 anno
1239 1935 1294 1973 W,
1311 1943 1372 1975 per
1386 1935 1474 1974 quod
1488 1934 1708 1966 confirmatur
1724 1933 1942 1975 privilegium
1957 1933 2148 1965 Innocentii
2162 1933 2262 1974 Papae
2277 1933 2325 1967 IV

722 1988 811 2027 (vide
828 1988 930 2027 infra,
945 1996 978 2019 n.
999 1988 1124 2028 17135.)
1145 1988 1196 2026 (A.
1210 1989 1260 2025 18,
1271 1987 1295 2018 f.
1307 1989 1367 2019 465
1383 1987 1414 2024 b,·
1439 1987 1476 2019 V.
1494 1990 1542 2024 74,
1561 1996 1613 2028 ep.
1632 1989 1692 2020 668
1708 1988 1761 2027 Β.)

765 2042 776 2053 ·
805 2039 940 2071 17133.
958 2058 996 2063 -
1020 2042 1211 2073 Annotatur
1235 2041 1462 2083 privilegiumv
1480 2041 1555 2072 eisd.
1577 2040 1730 2081 fratribus
1749 2041 1791 2072 ab
1815 2041 2014 2073 Innocentio
2028 2040 2123 2081 Papa
2140 2040 2190 2072 111
2207 2040 2325 2072 datum

723 2095 891 2135 Lugduni,
909 2104 930 2125 v
945 2094 991 2126 id.
1007 2103 1079 2135 apr.
1098 2103 1184 2126 anno
1203 2095 1272 2132 1V0,
1291 2103 1351 2135 per
1362 2095 1452 2135 quod
1467 2094 1628 2126 Pontifex
1643 2094 1762 2126 fideles
1777 2094 1932 2126 hortatur
1948 2095 1986 2126 ut
2003 2094 2242 2134 eleemosynas
2257 2093 2326 2125 dic-

720 2148 766 2180 tis
784 2147 948 2179 fratribus
970 2147 1155 2182 conferant,
1173 2149 1206 2179 et
1229 2148 1360 2179 relaxat
1376 2147 1551 2179 annuatim
1576 2147 1758 2188 septimam
1782 2148 1914 2188 partem
1938 2147 2098 2187 injunctae
2120 2146 2325 2187 paenitentiae

721 2201 881 2233 omnibus
899 2201 971 2232 illis
986 2201 1045 2241 qui
1068 2200 1288 2232 facultatibus
1307 2201 1381 2232 suis
1405 2201 1493 2241 ipsis
1515 2200 1746 2238 subvenerint,
1763 2202 1796 2232 et
1815 2200 1854 2231 in
1871 2201 1942 2232 tam
1969 2201 2087 2232 sancta
2111 2199 2325 2232 fraternitate

722 2254 903 2286 statuerint
918 2263 954 2285 se
969 2253 1117 2294 collegas
1132 2262 1219 2285 esse.
1240 2254 1294 2293 (A.
1313 2255 1362 2290 18,
1379 2253 1401 2285 f.
1418 2255 1478 2286 466
1493 2259 1526 2290 ὃς
1550 2253 1583 2286 V.
1601 2255 1651 2290 74,
1670 2262 1722 2294 ep.
1739 2254 1799 2286 668
1815 2253 1868 2293 G.)

768 2305 903 2336 17134.
920 2325 959 2330 -
976 2307 1064 2347 Epo
1085 2307 1245 2339 Dereusen.
1264 2307 1377 2339 mand.
1396 2309 1434 2339 ut
1450 2308 1480 2339 si
1499 2307 1692 2348 archiep.us
1710 2307 2006 2348 Caesaraugustan.
2023 2314 2207 2347 personam
2223 2314 2243 2337 a
2259 2305 2326 2338 Do·

722 2361 848 2392 minico
872 2361 912 2392 de
929 2361 1053 2397 Buesa,
1079 2362 1209 2393 rectore
1226 2361 1307 2393 eccl.
1327 2361 1367 2392 de
1395 2361 1530 2399 MaelIa,
1552 2361 1847 2402 Caesaraugustan.
1875 2360 1937 2396 di„
1954 2360 2023 2401 ipsi
2039 2368 2100 2400 per
2124 2358 2326 2391 Pontificem
2384 2375 2386 2377 >

722 2414 866 2452 collatae,
892 2415 1130 2454 praesentatam
1148 2415 1190 2445 ad
1207 2414 1467 2446 deserviendum
1486 2414 1552 2446 eid.
1569 2414 1665 2452 0001.,
1680 2414 1742 2446 lite
1764 2414 1907 2446 durante
1924 2414 2071 2454 desuper
2086 2413 2177 2445 inter
2195 2411 2326 2444 archie-

723 2476 830 2507 p.um,
848 2467 906 2507 qui
925 2467 966 2498 ab
982 2467 1178 2508 hujusmodi
1193 2468 1305 2499 collat.
1323 2468 1365 2499 ad
1381 2468 1414 2500 S.
1433 2469 1474 2500 A.
1489 2467 1684 2508 appellavit,
1701 2468 1734 2499 et
1749 2468 1917 2499 rectorem
1937 2466 2043 2504 eosd.,
2062 2466 2214 2506 recipere
2230 2465 2324 2498 inde-

721 2519 791 2551 bite
806 2521 982 2558 recusarit,
1001 2520 1074 2560 ipse
1092 2529 1167 2552 eam
1183 2521 1335 2560 recipiat.
1355 2521 1407 2562 (A.
1425 2521 1474 2558 18,
1492 2520 1515 2551 f.
1533 2521 1593 2553 495
1606 2519 1641 2559 ὓ,
1663 2520 1700 2552 V.
1717 2521 1767 2558 74,
1786 2528 1839 2560 ep.
1857 2520 1942 2560 669.)

768 2571 779 2583 ·
802 2570 937 2602 17135.
955 2590 995 2596 -—
1011 2573 1265 2605 Transcribitur
1280 2574 1499 2614 privilegium
1511 2583 1613 2615 praep.
1630 2578 1660 2604 et
1674 2573 1826 2614 fratribus
1838 2571 2001 2614 hospitalis
2015 2582 2054 2603 ss.
2070 2571 2194 2604 Νἰοοὶαἱ
2207 2576 2237 2604 et
2250 2572 2325 2604 Ber-

722 2626 815 2656 nardi
840 2626 876 2657 de
900 2626 1095 2667 Montejovis,
1121 2627 1163 2659 Ο.
1189 2627 1222 2659 S.
1248 2627 1301 2665 Β.,
1322 2627 1364 2659 ab
1393 2627 1590 2659 Innocentio
1612 2627 1706 2667 Papa
1728 2627 1775 2659 IV
1792 2626 1910 2658 datum
1934 2626 2092 2667 Lugduni
2108 2636 2140 2658 v¹
2157 2634 2224 2658 non
2241 2625 2325 2658 maii

722 2679 888 2711 ann6‘1V0
903 2688 964 2719 per
986 2680 1076 2720 quod
1089 2679 1288 2720 prohibetur
1301 2679 1513 2720 presbyteris
1529 2688 1820 2720 quarumcumque
1835 2679 1917 2712 0001.
1935 2687 1978 2711 ne
2001 2679 2181 2720 praedictos
2202 2679 2325 2712 fratres

722 2732 909 2773 impediant
926 2733 1110 2773 quominus
1123 2732 1159 2764 in
1175 2733 1259 2765 eisd.
1275 2733 1356 2765 0001.
1376 2733 1613 2773 eleemosynas
1628 2733 1742 2773 petere
1757 2732 1904 2773 possint,
1922 2741 2006 2765 neve
2022 2733 2155 2773 partem
2170 2732 2323 2765 earumd-

724 2786 1021 2826 eleemosynarum
1040 2787 1242 2826 extorquere
1256 2787 1475 2826 praesumant.
1500 2786 1552 2827 (A.
1569 2787 1618 2824 18,
1637 2786 1660 2817 f.
1676 2788 1737 2818 494
1751 2791 1785 2824 *ς
1809 2786 1845 2818 V.
1864 2788 1915 2824 74,
1929 2795 1983 2827 ep.
1997 2787 2084 2826 671.)

767 2838 778 2849 “
802 2836 937 2868 17136.
955 2856 995 2862 -
1010 2838 1261 2871 Transcribitur
1278 2839 1498 2880 privilegium
1515 2838 1623 2870 eisdem
1639 2839 1793 2880 frutribus
1811 2848 1830 2871 a
1844 2839 2019 2872 Clemente
2035 2839 2130 2880 Papa
2144 2839 2194 2871 IV
2208 2839 2324 2871 datum

721 2892 857 2924 Perusii
873 2901 934 2933 per
947 2892 1036 2933 quod
1052 2901 1098 2923 xv
1113 2892 1182 2924 kal.
1196 2892 1269 2933 jun.
1285 2901 1373 2924 anno
1389 2893 1416 2924 Ι·
1430 2892 1585 2925 hortatur
1597 2893 1716 2925 fideles
1731 2894 1768 2925 ut
1785 2893 2025 2934 eleemosynas
2041 2892 2143 2925 dietis
2159 2891 2324 2925 fratribus

721 2945 909 2985 conferant,
925 2947 959 2978 et
980 2945 1109 2978 relaxat
1124 2946 1300 2978 annuatim
1322 2946 1504 2987 septimam
1522 2947 1654 2987 partem
1672 2946 1830 2987 injunctae
1846 2946 2066 2987 poenitentioe,
2082 2945 2125 2978 ad
2142 2946 2250 2978 instar
2271 2946 2323 2978 In·
