2592 3528
222 380 325 407 Datum
343 373 528 408 Avenione.

211 588 229 616 8
243 591 285 623 (vi
304 586 356 618 id.)
368 586 426 620 dec.
443 585 532 613 1321.

314 631 345 657 Τ.
365 630 436 657 XVI.

330 745 366 772 Ut
396 752 419 772 8.

313 789 344 816 T.
367 788 436 815 XVI.

335 904 371 932 Ut
387 912 412 931 s.

310 949 341 976 T.
359 949 439 976 XXX.

337 1115 373 1144 Ut
393 1125 417 1144 8.

310 1161 340 1188 T.
362 1161 441 1188 XXX.

338 1917 374 1946 Ut
391 1926 414 1945 s.

321 1962 352 1990 T.
374 1962 431 1990 XX.

221 2023 240 2050 9
253 2023 283 2058 (v
300 2023 354 2058 id.)
369 2023 427 2052 aec.
446 2024 534 2052 1321.

245 2067 350 2103 T.X11‚
366 2069 427 2096 x1v
437 2077 446 2103 ;
463 2069 509 2097 er.

335 2236 371 2264 Ut
390 2245 414 2265 s.

339 2395 376 2423 Ut
394 2404 418 2423 s.

317 2440 349 2467 Τ.
369 2440 439 2468 XVI.

344 2556 380 2584 Ut
393 2564 416 2583 s.

320 2601 351 2628 T.
371 2601 442 2629 XVI.

341 2716 378 2744 Ut
396 2725 420 2743 s.

327 2762 358 2789 T.
377 2762 435 2789 XX.

339 2877 375 2904 Ut
401 2885 425 2905 s.

327 2921 359 2949 T.
373 2921 444 2950 xvl.

594 285 767 317 JOANNIS
791 284 910 315 PAPAE
931 284 1033 315 XX11.
1058 287 1307 324 (1316-1334).
1330 305 1367 309 —
1391 286 1577 317 LITTERAE
1600 287 1825 319 COMMUNES
2172 293 2211 323 39

615 477 763 508 instante
785 476 905 508 Carolo
922 475 1105 515 Hungariae
1122 484 1209 515 rege.
1227 475 1278 515 (A.
1298 477 1347 510 16,
1366 475 1388 505 f.
1404 477 1461 506 421
1481 480 1511 511 ⁸3
1533 475 1565 507 V.
1582 477 1631 512 73,
1652 484 1704 515 ep.
1719 478 1794 512 6733
1809 476 1966 515 Theiner,
1985 483 2018 508 ut
2032 489 2069 515 s.,
2088 488 2120 519 p.
2137 481 2213 517 474,

615 531 687 561 (100.
706 530 915 567 DCCXXII.)

661 580 796 611 14829.
817 600 854 604 -
870 582 1001 622 Indulg.
1021 583 1060 613 20
1081 582 1213 613 dierum
1231 581 1378 621 singulis
1395 580 1514 612 diebus
1536 582 1713 612 orantibus
1733 591 1792 622 pro
1812 582 1932 620 Caroli,
1949 584 2040 624 reqis,
2057 589 2085 614 et
2101 586 2213 625 reqinae

584 647 586 655 ·
616 635 795 675 Hunqariae,
809 636 976 666 consortis
991 635 1076 674 ejus,
1094 635 1204 666 salute
1217 643 1277 666 nec
1295 643 1358 665 non
1373 635 1409 665 ut
1423 635 1638 674 omnipotens
1652 635 1813 666 Dominus
1827 635 1984 676 dignetur
1999 637 2048 667 eis
2062 638 2214 670 sobolem

616 689 808 720 concedere.
827 689 880 729 (A.
899 690 948 723 16,
966 688 988 718 f.
1007 689 1063 719 421
1084 688 1115 724 b;
1139 687 1171 719 V.
1189 690 1240 724 73,
1257 696 1308 727 ep.
1325 690 1401 724 674;
1419 688 1578 724 Theiner,
1594 693 1626 718 ue
1643 698 1679 724 s.,
1698 697 1728 728 p.
1743 690 1814 724 475,
1833 689 1905 720 doc.
1925 689 2159 730 DCCXXIII.)

663 739 796 771 14830.
818 759 857 764 -
872 742 995 774 Indult.
1018 741 1158 772 Boleslao
1173 741 1331 781 archiep.o
1343 740 1534 781 Striqonien.
1548 743 1585 772 ut
1599 743 1639 773 40
1658 741 1790 772 dierum
1803 742 1932 782 indulg.
1950 743 2061 774 valeat
2077 744 2214 784 elargiri

616 795 740 835 populo
770 795 880 834 ipsius
908 795 1091 834 praesentia
1116 794 1258 825 missam
1289 794 1476 825 solemnem
1505 794 1558 825 vel
1586 795 1859 834 praedicationem
1892 795 2055 827 audienti.
2085 796 2139 836 (A.
2167 799 2215 835 16,

616 848 639 879 f.
658 849 715 878 421
730 847 760 884 b;
784 847 816 879 V.
837 850 886 885 73,
905 857 957 887 ep.
976 849 1054 884 675;
1073 847 1230 883 Theiner,
1251 852 1284 877 ut
1301 857 1338 884 s.,
1356 856 1388 887 p.
1406 849 1477 884 476,
1495 847 1567 878 doc.
1588 848 1817 888 DCCXXVI.)

663 898 800 931 14831.
821 919 859 924 -
876 901 952 931 Eid.
972 901 1072 932 facul.
1091 910 1184 932 conc.
1202 901 1423 940 dispensandi
1440 909 1516 932 cum
1535 901 1648 932 decem
1666 901 1822 940 personis
1838 910 1977 933 suarum
1995 902 2101 938 civit,
2121 903 2167 934 di.
2186 906 2219 935 et

616 955 812 994 provinciae,
828 955 869 985 de
888 955 1001 986 soluto
1020 957 1052 985 et
1071 954 1182 985 soluta
1203 954 1341 994 genitis,
1360 956 1397 985 ut
1422 954 1464 984 ad
1486 963 1604 985 omnes
1621 954 1692 985 ord.
1712 955 1904 993 promoveri
1927 956 1960 986 et
1980 955 2091 987 benef.
2113 956 2217 987 eccle-

617 1009 712 1039 siast.
738 1009 841 1039 etiam
865 1017 892 1039 c.
912 1017 939 1039 c.
965 1007 1117 1039 obtinere
1139 1007 1286 1039 valeant.
1310 1007 1364 1048 (A.
1389 1009 1436 1044 16,
1458 1007 1479 1038 f.
1499 1009 1557 1038 421
1574 1007 1608 1043 ¹³;
1640 1007 1673 1038 V.
1696 1010 1745 1044 73,
1771 1016 1823 1048 ep.
1844 1010 1920 1045 6763
1944 1008 2101 1046 Theiner,
2122 1014 2155 1039 ue
2178 1020 2215 1048 s.,

617 1070 649 1101 p.
667 1063 739 1096 475,
759 1062 831 1093 doc.
856 1061 1083 1101 DCCXXIV.)

663 1112 798 1143 14832.
819 1133 856 1137 -
873 1114 949 1146 Eid.
966 1114 1067 1146 facul.
1086 1114 1285 1145 absolvendi
1304 1114 1419 1145 decem
1442 1122 1531 1153 pers.
1551 1123 1690 1145 suarum
1714 1114 1819 1152 civit„
1844 1114 1889 1145 di.
1914 1115 1946 1146 et
1968 1115 2151 1154 provinciae
2177 1116 2219 1147 ab

618 1176 747 1199 excom.
764 1169 902 1208 propter
921 1168 1136 1208 injectionem
1157 1176 1318 1198 manuum
1337 1167 1372 1198 in
1388 1167 1483 1204 cler„
1501 1167 1604 1198 etiam
1624 1176 1732 1207 usque
1749 1168 1790 1198 ad
1810 1167 2010 1199 effusionem
2028 1169 2216 1209 sanguinis,

618 1223 799 1253 contracta.
816 1221 869 1262 (A.
888 1223 937 1258 16,
955 1221 977 1252 f.
993 1223 1053 1252 422
1066 1227 1095 1258 3,·
1118 1220 1150 1252 V.
1171 1223 1221 1258 73,
1238 1229 1290 1260 ep.
1308 1223 1387 1257 677;
1406 1221 1562 1255 Theiner,
1579 1225 1616 1255 fut
1630 1231 1668 1257 5.,
1685 1229 1717 1260 p.
1734 1222 1806 1256 475,
1819 1221 1891 1252 (100.
1907 1221 2117 1260 DCCXXV.)

665 1272 801 1304 14833.
819 1293 857 1298 -
877 1275 964 1315 Ep.o
986 1274 1173 1314 Vesprimen.
1192 1274 1303 1305 mand.
1322 1275 1360 1304 ut
1378 1283 1415 1304 se
1439 1273 1600 1304 informet
1623 1275 1655 1304 et
1680 1274 1805 1305 referat
1823 1282 1925 1313 super
1948 1274 2073 1305 unione
2098 1276 2217 1316 colleg.

619 1328 699 1359 eccl.
719 1337 746 1359 s.
764 1328 954 1367 Margaritae
968 1327 1162 1364 Dinusien,
1182 1335 1209 1358 s.
1230 1336 1271 1364 c.‚
1290 1327 1364 1358 sitae
1383 1335 1487 1366 prope
1503 1328 1653 1357 castrum
1667 1327 1922 1366 vissegraden„
1941 1328 2144 1367 Vesprimen
2159 1330 2219 1367 di.‚

618 1390 694 1412 cum
719 1381 854 1421 paroch.
877 1381 959 1412 eccl.
979 1390 1007 1412 S.
1027 1381 1121 1412 Petri
1141 1381 1181 1411 de
1204 1380 1425 1416 Veteribuda‚
1453 1380 1550 1411 dictae
1572 1380 1631 1416 di..
1651 1381 1684 1410 et
1711 1388 1814 1420 super
1835 1380 2058 1412 translatione
2086 1382 2221 1421 collegii

618 1435 715 1466 dictae
727 1435 806 1465 eccl.
821 1443 849 1465 8.
867 1434 1058 1474 Margaritae
1069 1434 1110 1464 ad
1124 1434 1233 1465 eamd.
1247 1433 1327 1464 eccl.
1342 1442 1369 1464 8.
1383 1433 1491 1470 Petri3
1503 1433 1650 1464 instante
1662 1434 1782 1465 Carolo
1792 1442 1869 1473 rege
1881 1434 2077 1473 Hungariae,
2087 1444 2220 1467 earum-

618 1487 695 1518 dem
716 1487 796 1518 eccl.
815 1489 968 1527 patrono,
987 1487 1044 1527 qui
1062 1487 1222 1526 exposuit
1240 1486 1414 1526 praefatam
1432 1486 1551 1526 colleg.
1568 1486 1650 1517 eccl.
1667 1489 1804 1526 propter
1821 1487 1931 1526 ipsius
1947 1488 2049 1518 castri
2066 1488 2223 1520 rebellio-

617 1549 695 1572 nem
716 1541 799 1585 adeo
814 1550 890 1571 cum
907 1541 980 1571 suis
1002 1540 1156 1572 aedificiis
1183 1540 1354 1571 dinosceri
1373 1540 1576 1570 diminutam
1603 1548 1678 1570 esse
1697 1540 1788 1579 quod
1808 1540 1849 1571 de
1877 1540 1986 1580 ipsius
2008 1542 2220 1581 reparatione

619 1603 698 1635 spes
722 1594 836 1634 aliqua
862 1603 929 1625 non
951 1594 1081 1625 existit.
1105 1594 1159 1631 (A.
1189 1595 1238 1631 16,
1268 1593 1289 1624 f.
1316 1595 1376 1623 422
1394 1598 1427 1629 ³5
1465 1593 1495 1624 V.
1521 1595 1572 1630 73,
1600 1602 1651 1633 ep.
1679 1595 1757 1629 6783
1783 1593 1940 1630 Theiner,
1968 1599 2001 1624 ut
2020 1604 2058 1630 s.,
2088 1603 2121 1634 p.
2146 1598 2220 1632 476,

618 1649 691 1679 doc.
707 1647 955 1687 DCCXXVII.)

664 1698 799 1730 14831.
818 1719 856 1724 —
871 1701 975 1742 Ep.us
991 1700 1176 1741 Zaqrabien.
1195 1705 1224 1730 et
1250 1700 1317 1732 abb.
1342 1704 1470 1730 monast.
1487 1710 1511 1730 s.
1540 1699 1668 1730 Martini
1691 1700 1728 1730 de
1751 1700 1855 1730 Monte
1877 1700 2035 1736 Panoniae,
2060 1711 2094 1730 ac
2119 1711 2219 1742 praep.

618 1755 690 1787 eccl.
718 1754 844 1792 Alben.‚
875 1755 1018 1786 Jaurien.
1044 1760 1072 1785 et
1111 1754 1294 1794 Vesprimen.
1321 1754 1378 1791 dvx,
1401 1754 1525 1785 dantur
1556 1755 1592 1784 ut
1618 1753 1751 1793 judices
1783 1756 2039 1786 conservatores
2065 1755 2222 1787 Boleslao

618 1808 789 1848 archiep.o
825 1808 1030 1847 Strigonien.
1061 1808 1112 1847 (A.
1147 1809 1196 1844 16,
1227 1808 1250 1838 f.
1282 1809 1338 1838 221
1362 1813 1395 1845 ⁸3
1432 1806 1464 1839 V.
1497 1809 1546 1842 73,
1575 1816 1628 1846 ep.
1659 1808 1739 1843 680;
1769 1806 1926 1845 Theiner,
1956 1811 1989 1837 ut
2020 1818 2058 1844 s.,
2086 1817 2118 1848 p.
2149 1811 2220 1845 476,

619 1863 691 1894 doc.
711 1862 976 1901 DCCXXVIII.)

666 1913 800 1946 14835.
819 1934 857 1938 -
875 1915 992 1947 Facul.
1010 1914 1152 1946 Boleslao
1173 1914 1332 1954 arclaiepm
1354 1913 1544 1954 Str-iqonien.
1568 1914 1810 1945 tabellionatus
1833 1914 1889 1945 off.
1913 1914 2117 1946 concedendi
2140 1924 2219 1955 qua—

618 1971 697 2001 tuor
712 1969 791 2000 cler.
809 1977 875 2000 non
891 1968 1093 2008 conjugatis.
1110 1968 1164 2008 (A.
1186 1970 1236 2005 16,
1254 1968 1277 1998 f.
1295 1968 1351 1999 201
1370 1967 1411 2008 b.)

665 2019 801 2052 14836.
825 2040 854 2045 -
880 2021 1006 2052 Indult.
1029 2021 1238 2061 percipiendi
1261 2021 1391 2052 fructus
1413 2020 1524 2051 benef.
1547 2029 1688 2051 suorum
1711 2019 1838 2059 absque
1857 2020 2044 2051 residentia
2063 2021 2105 2051 ad
2120 2021 2224 2052 trien-

621 2076 726 2110 nium,
745 2076 780 2106 in
807 2075 920 2106 studio
934 2075 1085 2114 generali
1109 2074 1245 2106 scolast.
1274 2074 1469 2113 disciplinis
1494 2073 1696 2109 insistendo,
1725 2072 1888 2104 Guillelmo
1914 2072 1951 2104 de
1977 2073 2118 2110 Biterris,
2148 2082 2221 2105 0311.

621 2129 768 2169 praeben.
784 2129 864 2159 eccl.
879 2128 1051 2159 Lodoven.
1072 2146 1110 2150 —
1125 2128 1152 2159 I.
1169 2137 1198 2158 e.
1215 2136 1260 2158 m.
1277 2136 1353 2167 ep.o
1370 2127 1597 2164 Lemovicen.‚
1616 2128 1648 2158 et
1663 2126 1788 2157 archid.
1805 2127 1996 2164 Caturcen„
2013 2135 2051 2158 30
2063 2128 2219 2166 praecent.

622 2191 649 2214 8.
669 2181 845 2214 Affrodisii
861 2182 1027 2213 Biterren.
1047 2181 1127 2212 eccl.
1148 2181 1199 2219 (A.
1216 2182 1265 2218 16,
1283 2180 1305 2211 f.
1321 2181 1376 2212 181
1395 2180 1426 2217 b;
1448 2179 1480 2211 V.
1499 2182 1549 2216 73,
1569 2189 1619 2219 ep.
1639 2181 1697 2211 255
1712 2180 1766 2218 Α.)

667 2232 802 2264 14837.
823 2252 858 2257 -
881 2234 1006 2266 Indult.
1036 2234 1150 2265 simile
1177 2233 1349 2264 Raimundo
1375 2233 1411 2263 de
1433 2233 1578 2269 mimis,
1602 2241 1675 2263 can.
1700 2232 1848 2272 praeben.
1881 2232 1961 2264 eccl.
1991 2241 2020 2263 s.
2047 2233 2222 2264 Affrodisii

621 2289 787 2321 Biterren.
807 2305 844 2310 —
859 2288 885 2318 Ι.
902 2296 932 2319 e.
950 2296 995 2319 m.
1013 2296 1090 2327 ep.o
1104 2289 1136 2318 et
1150 2287 1277 2318 archid.
1289 2287 1474 2326 jamdictis,
1489 2295 1526 2317 ac
1540 2286 1645 2317 Paulo
1661 2286 1701 2317 de
1718 2286 1945 2321 claromonte,
1963 2294 2036 2317 can.
2053 2286 2221 2322 Biterren.

621 2342 702 2374 eccl.
717 2342 770 2382 (A.
792 2343 841 2376 16,
860 2340 882 2371 f.
899 2342 953 2372 181
972 2340 1005 2378 ὓς
1029 2340 1060 2371 V.
1078 2343 1127 2375 73,
1143 2349 1195 2380 ep.
1215 2342 1275 2372 255
1289 2341 1342 2378 Β.)

668 2392 803 2424 14838.
821 2412 858 2417 -
874 2394 999 2425 Indult.
1023 2394 1065 2425 ad
1089 2393 1266 2425 biennium
1283 2404 1313 2424 n.
1339 2403 1379 2423 m.
1405 2393 1531 2434 Aqneli,
1555 2392 1630 2432 filix
1655 2397 1765 2422 sanctae
1786 2402 1842 2423 me.
1863 2392 2011 2423 Ludovici
2032 2392 2221 2423 Francorum

621 2449 712 2490 reqis,
731 2450 767 2480 ut
784 2449 895 2488 ipsius
910 2448 1084 2479 confessor
1102 2456 1179 2479 cum
1193 2456 1283 2478 mon.
1302 2446 1501 2478 cistercien.
1520 2447 1605 2483 ord.‚
1625 2446 1666 2477 ad
1682 2446 1755 2485 ejus
1769 2446 1955 2485 hospitium
1973 2445 2222 2483 accedentibus,

622 2503 820 2542 dispensare
836 2502 947 2533 valeat
966 2501 1077 2541 quoad
1092 2509 1189 2532 esum
1205 2500 1370 2532 carnium.
1389 2500 1443 2540 (A.
1461 2502 1510 2536 16,
1529 2499 1551 2530 f.
1571 2501 1629 2531 138
1645 2505 1677 2536 ²3
1703 2499 1732 2530 V.
1749 2501 1799 2535 73,
1818 2508 1870 2539 ep.
1886 2499 1971 2539 269.)

668 2553 802 2585 14839.
820 2573 858 2578 -
873 2555 999 2586 Indult.
1017 2555 1059 2586 ad
1076 2554 1253 2586 biennium
1271 2564 1302 2585 n.
1318 2564 1357 2585 m.
1372 2553 1510 2590 Joannae,
1528 2553 1620 2583 uxori
1634 2563 1665 2582 η.
1684 2563 1713 2584 υ.
1732 2551 1866 2583 Oddonis
1879 2552 1964 2583 ducis
1976 2552 2173 2592 Buryuffliae,
2188 2554 2225 2583 ut

622 2610 734 2650 ipsius
751 2608 924 2640 confessor
939 2617 1015 2639 cum
1032 2608 1240 2639 monialibus
1256 2607 1498 2647 cujuscumque
1517 2606 1588 2638 ord.
1607 2607 1717 2646 quoad
1733 2615 1829 2637 esum
1845 2606 1999 2637 carnium
2013 2606 2048 2637 in
2061 2606 2134 2646 eJus
2149 2606 2222 2637 hos-

622 2664 708 2704 pitio
724 2664 923 2703 dispensare
939 2663 1062 2695 valeat.
1078 2663 1133 2704 (A.
1151 2665 1200 2698 16,
1218 2662 1242 2694 t'.
1262 2663 1320 2693 138
1337 2661 1372 2699 ὓς
1394 2661 1430 2693 V.
1451 2663 1500 2698 73,
1518 2670 1572 2701 ep.
1589 2662 1674 2699 270.)

670 2714 805 2746 14840.
825 2735 862 2739 -
880 2716 1008 2747 Induit.
1025 2716 1067 2747 ad
1082 2715 1268 2747 triennium
1286 2725 1316 2746 n.
1336 2725 1364 2746 υ.
1390 2714 1520 2751 oddoni,
1537 2713 1608 2744 duci
1628 2712 1828 2754 Burqundiae,
1846 2718 1874 2743 et
1889 2723 1919 2742 n.
1941 2723 1980 2743 m.
1998 2713 2135 2749 Joannae,
2159 2713 2225 2752 ejus

625 2770 727 2808 uxori,
749 2771 786 2801 ut
809 2779 829 2801 a
848 2769 1094 2806 sacerdotibus,
1116 2769 1241 2809 quibus
1262 2777 1324 2799 sua
1344 2769 1481 2808 peccata
1503 2767 1656 2798 confiteri
1673 2766 1862 2806 contigerit,
1881 2765 2015 2805 possint
2035 2765 2223 2796 ecclesiast.

624 2823 774 2863 recipere
788 2824 1011 2854 sacramenta.
1026 2823 1081 2862 (A.
1103 2825 1150 2860 16,
1169 2822 1191 2854 f.
1212 2823 1269 2853 138
1286 2821 1317 2858 ὓς
1348 2821 1380 2851 V.
1402 2823 1452 2857 73,
1468 2829 1520 2860 ep.
1537 2822 1623 2856 271.)

672 2873 806 2905 14841.
824 2893 862 2898 -
878 2875 970 2908 Eisd.
988 2876 1111 2907 indult.
1128 2876 1170 2906 ad
1188 2874 1363 2906 biennium
1383 2876 1418 2906 ut
1432 2882 1548 2905 eorum
1578 2872 1754 2904 confessor
1771 2881 1847 2903 cum
1866 2880 1956 2903 mon.
1976 2871 2118 2902 Cisterc.
2137 2870 2222 2908 ord..

626 2929 669 2961 ad
685 2938 802 2961 eorum
825 2929 1012 2969 hospitium
1041 2928 1290 2963 accedentibus,
1312 2927 1423 2967 quoad
1445 2935 1542 2958 esum
1565 2926 1717 2957 carnium
1744 2925 1941 2964 dispensare
1958 2923 2080 2955 valeat.
2100 2923 2152 2963 (A.
2172 2924 2220 2959 16,

626 2983 651 3014 f.
673 2983 730 3015 138
746 2983 780 3019 b;
804 2981 837 3013 V.
859 2984 910 3020 73,
928 2991 980 3022 ep.
998 2981 1084 3021 272.)
